2534 4172
538 208 698 250 cramus.

160 347 224 405 Nec
237 345 332 404 minus
346 352 389 404 est
403 345 459 402 isto
472 344 581 402 Teucer
594 343 729 421 patruelis
743 344 859 404 Achilli.

67 485 73 490 ,
160 429 241 482 Num
256 425 328 502 petit
340 424 387 481 ille
402 433 590 491 tamennon
605 432 708 500 sperat,
725 433 756 479 ut
772 423 880 481 auferat
894 422 993 482 armal

159 504 238 580 Ergo
252 523 370 580 operum
384 503 516 579 quoniam
531 501 639 559 nudum
653 514 794 560 certarnen
807 502 937 560 habetur.

160 583 249 640 Plura
261 582 375 658 quidem
388 581 451 648 l'eci,
467 600 551 658 quam
565 601 629 658 quae
644 581 843 657 comprendere
857 581 941 638 dictis
1056 585 1111 640 160

160 663 197 718 111
210 669 345 738 promptu
360 660 431 716 mihi
444 659 497 716 sit:
520 679 613 716 rerum
628 669 722 717 tamen
736 659 833 716 ordine
848 659 943 718 ducar.

160 739 283 796 Praescia
295 739 408 798 venturi
420 738 541 815 genitrix
555 739 583 794 N
586 741 659 795 creis
672 737 722 795 leti

160 817 330 875 Dissimulet
343 817 422 874 cultu
435 825 550 873 natum:
573 817 719 892 deceperat
732 835 840 884 omnes,

159 897 196 954 In
211 897 315 973 quibus
328 895 454 971 Ajacem,
470 902 593 972 sumptae
607 894 716 952 fallacia
729 896 824 952 restis.

160 977 250 1032 Arma
264 993 317 1050 ego
330 974 480 1041 soemineis,
495 974 619 1032 animum
632 983 742 1031 motura
755 974 871 1040 virilem,
1055 977 1108 1031 165

160 1053 307 1110 Mercibus
320 1052 442 1109 inserui:
464 1071 554 1129 neque
568 1051 660 1111 adhuc
674 1052 828 1129 projecerat
841 1053 925 1111 heros

158 1131 310 1208 Virgineus
323 1131 447 1197 habitus,
462 1150 547 1206 quum
563 1150 690 1208 parmam
703 1131 870 1208 hastamque
885 1132 1001 1196 tenenti,

161 1209 256 1267 ‘Nate
270 1209 341 1278 dea,'
357 1208 424 1277 dixi,
440 1210 509 1267 ‘tibi
523 1229 552 1268 se
565 1209 691 1284 peritura
704 1219 845 1268 reservant

160 1288 318 1365 Pergama:
340 1288 409 1366 quid
421 1287 534 1346 dubitas
548 1289 690 1364 ingentem
704 1297 827 1345 evertere
840 1288 954 1365 Trojam
963 1286 984 1346 l’

159 1367 306 1444 Injecique
320 1386 444 1434 manum,
459 1366 617 1444 fortemque
627 1367 664 1423 ad
677 1367 760 1424 sortia
774 1367 847 1424 misi.
915 1424 919 1432 ,
1054 1369 1109 1429 170

159 1446 238 1522 Ergo
252 1465 337 1522 opera
349 1445 433 1508 illius,
449 1464 512 1503 mea
526 1455 612 1503 sunt:
631 1465 685 1521 ego
698 1445 845 1522 Telephon
858 1445 941 1503 hasta

160 1523 341 1600 Pugnautem
356 1523 469 1580 domui:
491 1525 597 1582 victum
612 1533 794 1600 orantemque
808 1523 900 1581 refeci.

160 1601 249 1670 Quod
261 1602 367 1659 Thebae
381 1602 514 1671 cecidere,
529 1622 624 1660 mcum
638 1609 701 1670 est;
723 1622 769 1659 me
783 1601 887 1658 credite
902 1601 1024 1669 Lesbon,

160 1681 212 1738 Me
225 1681 368 1747 Tenedon,
384 1681 577 1758 Chrysenque,
593 1690 621 1738 et
635 1679 745 1757 Cyllan,
761 1678 901 1756 Apollinis
915 1681 998 1738 urbes

159 1759 200 1816 Et
214 1759 306 1836 Syron
320 1759 442 1835 cepisse:
464 1779 527 1816 mea
540 1778 676 1816 concussa
689 1768 787 1836 putate
1054 1761 1108 1830 175

160 1837 349 1895 Procubuisse
364 1837 423 1895 solo
437 1838 575 1914 Lyrnesia
587 1838 692 1896 moenia
704 1839 812 1895 dextra.
909 1846 910 1851 ’

160 1915 258 1992 thue
271 1916 338 1973 alias
353 1924 469 1984 taceam,
484 1917 534 1993 qui
547 1935 653 1974 saevum
668 1916 783 1993 perdere
798 1923 893 1992 posset

160 1993 296 2062 Hectora,
311 2013 412 2070 nempe
426 1995 509 2062 dedi;
531 2014 583 2070 per
595 2015 641 2052 me
651 1994 726 2071 jacet
739 1993 862 2072 inclytus
877 1995 995 2053 Hector.

160 2072 224 2130 Illis
237 2072 300 2130 haec
313 2074 408 2142 armis
423 2073 525 2150 quibus
539 2082 583 2130 est
596 2074 726 2130 inventus
739 2072 875 2141 Achilles,
1039 2126 1044 2138 ,

159 2151 251 2208 Arma
263 2160 348 2228 peto;
370 2151 433 2208 viro
447 2152 587 2216 dederam,
603 2161 668 2228 post
681 2152 739 2209 fata
751 2171 878 2227 reposco.
1054 2154 1109 2210 180

161 2230 204 2286 Ut
218 2229 296 2287 dolor
309 2230 393 2286 unius
408 2230 520 2287 Danaos
534 2231 656 2307 pervasit
669 2230 706 2288 ad
719 2249 824 2298 omnes,

160 2307 320 2383 Aulidaque
334 2309 488 2366 Euboicam
503 2308 680 2386 complerunt
692 2309 768 2366 mille
783 2310 884 2366 carinae
896 2333 903 2376 ;

161 2386 318 2462 Expectata
331 2387 389 2456 diu,
405 2387 482 2444 nulla
494 2399 544 2444 aut
557 2388 695 2445 contraria
708 2387 800 2454 classi,

161 2464 290 2522 Flamina
303 2475 387 2522 sunt:
409 2468 541 2542 duraeque
551 2466 653 2542 jubent
666 2466 879 2541 Agamemnona
893 2474 982 2522 sortes

162 2543 337 2601 Immeritam
351 2564 435 2603 sacrae
449 2556 544 2602 natam
558 2553 680 2602 mactare
694 2545 804 2601 Dianae.
1055 2545 1108 2602 185

163 2621 293 2698 Denegat
306 2622 361 2680 hoc
375 2623 494 2700 genitor,
510 2623 644 2700 Divisquc
657 2623 787 2680 irascitur
797 2622 883 2699 ipsis:

161 2701 258 2778 Atque
271 2701 301 2758 in
315 2721 379 2778 rege
392 2709 487 2758 tamen
501 2711 581 2778 pater
594 2710 656 2759 est:
680 2721 731 2778 ego
744 2701 813 2758 mite
827 2701 951 2778 parentis

163 2779 313 2856 Ingenium
327 2779 419 2837 verbis
433 2779 469 2836 ad
485 2780 598 2856 publica
611 2780 759 2837 commoda
771 2781 852 2837 verti.

163 2859 249 2916 Nunc
262 2857 392 2935 equidem
404 2858 502 2926 fateor,
517 2859 647 2936 fassoque
660 2857 788 2936 ignoscat
803 2859 926 2927 Atrides,

164 2935 315 2994 Difficilem
329 2937 407 2994 tenui
421 2937 473 2994 sub
486 2937 583 3015 iniquo
593 2937 688 3014 judice
701 2957 824 2995 causam.
964 2943 966 2949 “
1056 2940 1110 2994 190

164 3015 252 3072 Hunc
265 3023 359 3075 tamen
372 3015 480 3073 utilitas
494 3017 600 3093 populi,
615 3015 774 3094 fratrisque,
790 3016 903 3092 datique

164 3092 281 3150 Summa
294 3102 388 3151 movet
402 3095 514 3170 sceptri,
528 3094 640 3152 laudem
654 3103 687 3152 ut
700 3111 764 3152 cum
779 3095 912 3170 sanguine
926 3101 1034 3170 penset.

165 3171 268 3228 Mittor
281 3183 310 3230 et
323 3172 359 3230 ad
372 3181 500 3242 matrem,
516 3193 578 3250 quae
592 3192 649 3230 non
662 3173 810 3240 hortanda,
826 3171 876 3230 sed
889 3181 954 3228 astu

166 3249 338 3326 Decipienda
351 3251 405 3308 fuit
418 3274 425 3308 r
447 3271 503 3328 quo
517 3253 542 3309 si
555 3251 734 3309 Telamonius
747 3253 826 3319 isset,

164 3327 243 3386 Orba
256 3329 315 3386 suis
328 3339 422 3388 essent
436 3331 589 3388 etiamnum
601 3330 689 3387 lintea
700 3331 801 3387 ventis.
1057 3331 1109 3388 195

165 3405 268 3464 Mittor
282 3415 310 3464 et
324 3408 422 3466 Iliacas
436 3409 528 3467 audax
541 3416 635 3466 orator
648 3408 684 3466 ad
697 3427 774 3466 arces
787 3433 794 3475 ;

164 3484 286 3562 Visaque
300 3495 328 3544 et
341 3487 445 3544 intrata
457 3496 500 3544 est
513 3483 578 3544 altae
591 3487 662 3544 mihi
675 3487 753 3545 curia
765 3485 875 3564 Trojae:

166 3563 307 3641 Plenaque
320 3564 413 3623 adhuc
427 3576 485 3623 crat
498 3566 547 3622 illa
559 3565 642 3634 viris;
662 3565 807 3623 interritus
821 3563 873 3642 egi,

166 3642 258 3708 Quam
273 3643 343 3700 mihi
356 3645 503 3702 mandarat
516 3643 674 3702 communis
687 3643 805 3713 Graecia,
820 3663 933 3702 causam
946 3668 954 3711 ς

941 3741 958 3778 s
976 3727 993 3778 2
