2486 4172
193 170 231 226 54
456 183 547 222 saxna
569 181 704 220 auannu
728 180 903 238 cacanum

232 319 305 376 Haec
319 317 436 376 hederas
449 317 518 392 legit
531 317 560 373 in
574 315 697 392 thyrsos,
711 317 771 372 haec
785 315 909 372 carmina
922 314 1015 372 nervis
1143 321 1179 374 ³5

271 396 379 473 Aptat3
402 404 430 452 at
444 395 491 451 illa
504 415 590 452 manu
604 395 674 450 texit
689 405 806 469 utraque
821 413 923 450 rosam.

231 475 257 532 E
271 494 388 550 quarum
402 493 518 548 num-ero
534 493 577 530 mc
591 473 709 548 contigit
723 492 778 528 una
791 472 924 529 dearum:

272 555 313 610 Ut
326 572 388 610 reor
401 571 417 609 a
430 552 508 616 facie,
524 551 666 626 Calliopea
679 551 742 606 luit.

233 631 420 688 “Contentus
433 631 521 686 niveis
535 649 645 704 semper
658 628 802 685 vectabere
815 629 921 705 cycnis,

271 711 331 766 Nec
345 717 373 766 te
386 709 467 766 l'ortis
481 709 545 783 equi
559 707 643 763 ducet
656 707 691 762 ad
705 725 783 763 arma
796 726 891 764 sonus.

231 789 281 845 Nil
298 788 350 844 tibi
363 787 399 844 sit
413 806 496 844 rauco
510 786 649 859 praeconia
662 785 776 846 classica
790 804 877 841 cornu

272 867 361 933 Flere,
376 885 427 922 nec
442 865 564 923 Aonium
579 865 690 939 cingere
704 863 798 924 Marte
812 882 928 920 nemus:

230 944 291 1001 Aut
305 945 406 1020 quibus
420 943 449 999 in
464 943 569 1018 campis
584 942 712 998 Mariano
726 941 826 1016 proelia
839 941 919 1017 signo

271 1023 360 1088 Stent,
376 1029 404 1078 et
418 1021 585 1078 Teutonicas
600 1021 691 1076 Roma
704 1019 841 1094 refringat
855 1039 941 1094 opes:

231 1100 372 1156 Barbarus
386 1107 435 1156 aut
450 1099 540 1156 Snevo
554 1099 685 1174 perfusus
700 1098 837 1173 sanguine
852 1097 971 1156 Rhenus

271 1178 369 1234 Saucia
382 1177 513 1234 moerenti
527 1197 644 1252 corpora
657 1185 748 1233 vectet
761 1195 842 1251 aqua.

231 1257 342 1332 Quippe
359 1263 506 1313 coronatos
520 1255 642 1311 alienum
657 1255 694 1311 ad
707 1255 792 1312 limen
807 1261 934 1312 amantes
988 1321 992 1330 ⁵

269 1335 479 1409 Nocturnaeque
493 1353 576 1390 canes
591 1334 668 1390 ebria
680 1333 760 1410 signa
773 1332 858 1408 fugae,

231 1413 272 1470 Ut
286 1432 336 1488 per
350 1421 377 1468 te
392 1413 500 1469 clausas
515 1412 584 1468 sciat
598 1421 745 1468 excantare
761 1411 876 1487 puellas,

269 1490 326 1557 Qui
339 1491 413 1547 volet
427 1499 553 1547 austeros
566 1498 625 1546 arte
639 1489 720 1546 ferire
733 1489 837 1547 viros.’'

229 1569 309 1626 Talia
322 1569 456 1645 Calliope,
472 1568 652 1644 lymphisque
666 1567 770 1624 alonte
783 1567 889 1644 petitis,

268 1647 326 1705 Ora
340 1647 468 1704 Philetea
481 1655 578 1704 nostra
592 1646 692 1723 rigavit
706 1665 787 1722 aqua.

11 1861 12 1864 ¹
55 1857 113 1876 *r*

80 1885 154 1973 p·-
184 1864 194 1964 Ι
559 1869 710 1930 annom
729 1871 799 1928 vu.

228 2024 301 2091 Hoc,
317 2023 502 2100 quodcunque
515 2023 601 2090 vides,
616 2024 730 2099 hospes,
745 2043 800 2099 qua
813 2023 935 2080 maxima
949 2022 1041 2082 Roma
1054 2033 1119 2093 est,-

267 2103 343 2158 Ante
357 2102 500 2178 Phrygem
514 2103 623 2160 AEnean
637 2102 715 2159 collis
729 2111 757 2157 et
771 2101 859 2158 herba
871 2101 945 2158 fuit:

227 2181 321 2256 Atque
335 2181 384 2239 ubi
396 2180 498 2237 Navali
510 2189 586 2238 stant
600 2199 679 2238 sacra
694 2179 802 2236 Palatia
815 2179 933 2246 Phoebe,

267 2258 390 2315 Evandri
404 2259 532 2334 profugae
546 2257 720 2316 concubuere
734 2257 829 2315 boves.

228 2337 374 2394 Fictilibus
388 2355 497 2394 crevere
511 2337 570 2394 deis
584 2337 647 2394 haec
660 2355 744 2392 aurea
757 2336 871 2412 templa,

184 2489 185 2492 Ἴ
266 2417 328 2472 Nec
341 2415 396 2471 fuit
409 2415 561 2491 opprobrio
574 2415 649 2472 facta
663 2415 723 2470 sine
736 2421 797 2472 arte
811 2433 891 2471 casa:

227 2493 417 2570 Tarpeiusque
430 2502 509 2570 pater
522 2493 599 2550 nuda
612 2493 647 2550 de
661 2511 730 2568 rupe
744 2492 868 2561 tonabat,

266 2571 429 2628 scriberis
443 2572 548 2628 nostris
563 2571 670 2628 advena
686 2571 778 2628 bubus
793 2580 861 2628 erat.

228 2651 291 2718 Quo
305 2649 438 2726 gradibus
452 2648 554 2706 domus
567 2649 622 2706 ista
636 2649 719 2706 Remi
733 2669 763 2706 sc
776 2648 901 2718 sustulit,
916 2647 984 2706 olim

266 2729 347 2784 Unus
361 2735 421 2784 erat
433 2727 552 2784 fratrum
566 2727 689 2784 maxima
702 2747 788 2802 regna
800 2726 888 2784 focus.
1136 2729 1171 2782 10

227 2805 321 2872 Curia,
337 2813 476 2882 praetexto
490 2825 555 2880 quoe
568 2825 643 2864 nunc
658 2806 729 2862 nitet
742 2805 800 2864 alta
814 2805 928 2872 Senatu,

266 2884 381 2940 Pellitos
395 2882 503 2950 habuit,
518 2884 622 2940 rustica
636 2884 727 2951 corda,
743 2892 846 2960 patres.

226 2961 349 3020 Buccina
361 2961 478 3036 cogebat
492 2961 597 3037 priscos
611 2961 647 3018 ad
660 2963 745 3019 verba
757 2962 899 3030 Quirites;

265 3041 387 3098 Centum
401 3039 441 3100 illi
454 3040 484 3096 in
497 3047 578 3116 prato
592 3059 666 3116 saepe
681 3040 800 3098 Senatus
814 3047 913 3098 crantz

226 3119 256 3176 N
258 3138 288 3176 ee
303 3119 416 3176 sinuosa
429 3137 497 3176 cavo
510 3117 670 3194 pendebant
683 3119 745 3176 vela
758 3119 886 3176 theatro:

266 3197 379 3273 Pulpita
394 3197 532 3254 solemnes
546 3216 602 3254 non
616 3197 709 3254 oluere
722 3216 827 3256 crocos.

226 3276 307 3334 Nulli
320 3295 386 3333 cura
399 3275 454 3333 suit
467 3283 595 3332 externos
608 3295 733 3352 quaerere
747 3275 835 3342 divos,

265 3353 359 3420 Quum
375 3363 506 3415 tremeret
519 3353 611 3430 patrio
624 3354 747 3430 pendula
760 3354 843 3411 turba
856 3370 944 3420 mero,

224 3431 383 3508 Annuaquc
397 3452 512 3490 accenso
526 3432 664 3490 celebrare
679 3432 776 3490 Palilia
789 3431 873 3499 foeno,

265 3510 366 3577 Quaha
379 3531 453 3568 nunc
467 3517 547 3568 curto
560 3511 650 3568 lustra
662 3519 801 3568 novantur
815 3528 896 3588 equo.
