2534 4172
157 124 211 181 106
489 142 517 180 r.
540 139 650 180 ovrnrr
672 139 810 180 unsours

192 276 230 334 Et
243 274 323 343 mihi,
338 295 373 332 ne
387 275 463 332 flexu
477 273 591 331 cervicis
606 282 734 351 tempora
746 273 872 350 perdam,

232 355 361 422 Cernere,
376 373 434 410 non
448 361 526 410 moto
540 371 664 429 corpore,
681 352 747 410 bina
759 352 857 410 licet.”

192 433 319 500 Dixerat,
335 440 364 489 et
378 431 467 496 vultu,
483 431 506 488 si
519 431 602 508 plura
615 431 756 508 requirere
768 430 878 498 vellem,

231 511 267 568 Se
281 511 351 568 mihi
364 510 506 568 difficilem
519 529 577 566 non
590 509 659 577 fore,
674 510 767 566 fassus
781 519 851 567 erat.

192 588 306 666 Sumpsi
318 589 452 656 animum,
468 596 617 665 gratesque
631 588 684 646 deo
696 607 754 646 non
767 589 884 646 territus
898 587 951 665 egi,

230 668 378 746 Verbaque
392 686 453 724 sum
468 675 599 745 spectans
613 685 704 746 pauca
715 665 828 724 locutus
842 666 981 724 humuma
1106 670 1148 727 60

193 753 210 779 “
222 747 285 813 Dic,
301 766 361 822 nge,
375 745 526 822 frigoribus
541 763 626 822 quare
639 763 728 803 novus
740 745 840 823 incipit
853 764 952 814 annus,

231 825 288 893 Qui
301 824 401 882 melius
416 843 466 900 per
478 843 527 880 ver
539 823 715 900 incipiendus
728 831 798 880 erat.

191 903 295 962 Omnia
308 910 376 960 tunc
389 902 498 970 florent,
514 910 583 960 tunc
597 910 640 959 est
654 921 727 959 nova
740 902 875 979 temporis
890 909 970 971 aetas,

230 982 268 1038 Et
282 1001 354 1038 nova
368 980 402 1038 de
418 980 534 1058 gravido
547 980 663 1057 palmite
676 999 788 1057 gemme
800 989 901 1050 tumet,

190 1061 229 1117 Et
243 1059 326 1117 modo
340 1059 468 1116 formatis
482 1061 606 1135 operitur
619 1058 767 1116 frondibus
779 1059 872 1127 arbos,

231 1138 329 1195 Prodit
342 1147 370 1195 et
383 1138 413 1194 in
427 1156 568 1194 summum
583 1137 698 1195 seminis
710 1137 798 1194 herba
811 1138 912 1205 solum,

190 1215 229 1273 Et
242 1215 369 1292 tepidum
384 1215 510 1273 volucres
524 1215 706 1272 concentibus
717 1207 782 1273 aera
795 1216 929 1282 mulcent,

230 1295 317 1352 Ludit
331 1303 359 1351 et
372 1293 401 1351 in
415 1295 503 1370 pratis
516 1293 696 1371 luxuriatque
730 1313 804 1352 ecus.

190 1374 264 1430 Tum
279 1372 374 1430 blandi
388 1372 469 1440 soles,
484 1372 634 1449 ignotaque
648 1313 743 1448 prodr
756 1371 888 1442 hirundo,

229 1453 268 1509 Et
280 1451 389 1509 luteum
403 1452 477 1509 celsa
489 1451 542 1508 sub
555 1451 634 1508 trabe
648 1451 730 1528 fingit
742 1471 814 1527 opus
825 1475 834 1520 ;

190 1530 264 1587 Tum
279 1530 385 1613 patitur
398 1529 490 1586 cultus
504 1547 579 1606 ager,
594 1539 623 1586 et
637 1538 786 1586 renovatur
800 1537 910 1598 aratr03

230 1609 301 1666 Haec
315 1609 380 1666 anni
394 1608 504 1665 novitas
514 1607 578 1685 jure
591 1608 716 1665 vocanda
727 1607 813 1666 suit.”

191 1686 366 1754 Quaesieram
380 1686 477 1743 multis
489 1707 495 1742 ε
517 1705 572 1743 non
587 1685 684 1743 multis
696 1687 743 1743 ille
756 1694 882 1744 moratus

230 1765 359 1824 Contulit
372 1765 400 1821 in
415 1783 512 1822 versus
527 1765 566 1822 sic
580 1783 632 1822 sua
643 1765 729 1822 rerba
741 1765 813 1822 duos
826 1787 833 1821 r

192 1843 328 1901 “Bruma
341 1843 405 1900 novi
419 1844 508 1918 prima
520 1851 565 1900 est
577 1844 733 1920 veterisque
747 1843 898 1900 novissima
913 1841 996 1912 solis;

230 1921 402 1999 Principium
417 1922 533 1998 capiunt
546 1921 672 1979 Phoebus
686 1930 715 1979 et
729 1941 819 1979 annus
831 1922 937 1980 idem.”

191 2000 261 2058 Post
276 2020 308 2057 ea
321 2000 453 2067 mirabar,
469 2017 518 2057 cur
531 2018 588 2056 non
603 1999 663 2056 sine
675 2000 773 2057 litibus
788 2009 862 2058 esset

230 2079 326 2136 Prima
340 2078 409 2135 dies.
452 2085 471 2110 ‘⁴
480 2077 602 2136 Causam
616 2079 757 2155 percipe,'’
773 2078 864 2137 Janus
878 2080 925 2137 ait.

193 2166 212 2189 ‘⁴
221 2159 361 2234 Tempora
374 2156 500 2215 commisi
514 2157 657 2214 nascentia
670 2158 753 2215 rebus
767 2157 892 2234 mendis,

230 2236 321 2293 Totus
335 2236 370 2292 ab
384 2235 509 2312 auspicio
525 2255 560 2292 ne
574 2235 647 2292 foret
661 2255 751 2292 annus
765 2236 850 2294 iners.

193 2317 318 2390 Quisque
332 2333 397 2371 suas
410 2321 484 2371 artes
498 2314 534 2370 ob
547 2313 621 2371 idem
636 2313 740 2372 delibat
754 2313 871 2391 agendo,

231 2389 293 2450 Nec
307 2393 371 2469 plus
385 2412 469 2469 quam
483 2393 596 2449 solitum
610 2393 778 2450 testificatur
791 2392 894 2469 opus.’'

196 2471 268 2528 Mox
282 2489 350 2548 ego:
374 2478 393 2503 “
404 2471 471 2538 Cur,
487 2470 614 2546 quamvis
624 2471 742 2528 aliorum
756 2471 874 2528 numina
886 2471 1003 2548 placem,

232 2551 312 2618 Jane,
328 2549 380 2606 tibi
393 2549 516 2626 primum
531 2558 595 2606 tura
607 2569 772 2626 merumque
786 2549 845 2607 fero
855 2548 888 2606 l’'

195 2629 266 2685 “Ut
279 2648 329 2706 per
343 2647 387 2685 me
400 2627 492 2703 possis
504 2627 622 2694 aditum,
638 2628 686 2705 qui
699 2628 796 2685 limina
810 2647 899 2692 servo,

231 2706 279 2763 Ad
292 2725 483 2783 quoscumque
495 2705 602 2773 voles,'’
617 2706 719 2783 inquit,
735 2714 754 2739 “
762 2706 865 2765 habere
878 2705 976 2768 deos.”

194 2786 266 2841 “At
280 2804 330 2842 cur
344 2784 410 2841 laeta
423 2783 480 2840 tuis
494 2783 628 2842 dicuntur
640 2786 726 2842 verba
739 2783 885 2853 Kalendis,

233 2863 271 2920 Et
284 2863 383 2920 damus
396 2862 518 2920 alternas
531 2863 738 2940 accipimusque
751 2881 847 2940 preces
855 2861 888 2921 'l’'

134 3009 140 3020 ι
193 2942 267 2999 Tum
282 2941 351 2998 deus
365 2941 529 2998 incumbens
542 2942 650 3008 baculo,
667 2962 751 3017 quem
765 2943 864 3000 dextra
876 2941 999 3018 gerebat,

235 3027 254 3052 “
263 3019 367 3078 Omina
380 3019 553 3096 principiis,'’
569 3020 670 3096 inquit,
687 3028 705 3052 ‘⁴
716 3021 807 3078 inesse
820 3021 922 3078 solent.

194 3098 241 3156 Ad
254 3099 374 3175 primam
388 3117 483 3155 vocem
498 3097 611 3155 timidas
625 3097 770 3156 advertitis
783 3117 874 3166 aures,

234 3179 272 3235 Et
285 3177 373 3234 visam
387 3177 510 3253 primum
524 3176 646 3234 consulit
659 3195 749 3254 augur
761 3197 851 3235 arem.

194 3255 313 3332 Templa
325 3263 422 3333 patent
436 3274 571 3332 auresque
585 3255 678 3324 deum,
693 3275 744 3314 nec
757 3256 853 3333 lingua
866 3255 985 3314 caducas

236 3335 369 3411 Concipit
383 3332 441 3390 ulla
454 3353 560 3410 preces,
576 3333 706 3410 dietaque
719 3334 831 3412 pondus
846 3334 983 3393 habent.”

197 3412 326 3471 Desierat
340 3412 448 3479 Janus3
469 3431 522 3469 nec
534 3414 619 3488 longa
632 3413 744 3470 silentia
758 3413 820 3482 feei,

238 3489 293 3548 Sed
308 3490 390 3568 tetigi
402 3491 495 3548 verbis
509 3490 609 3548 ultima
621 3492 706 3549 verba
718 3491 807 3549 meis:
