2486 4172
525 187 686 228 CARMINA·

144 323 229 381 Solve
243 328 322 380 metu
334 320 464 398 patriam,
480 341 543 394 quae
557 340 631 378 nuuc
645 329 673 378 te
687 320 793 379 vindice
807 321 880 380 freta

183 401 328 478 Imposuit
341 417 434 476 prorae
448 397 560 474 publica
573 407 638 456 vota
650 408 718 457 ture.

140 480 241 548 Quam
254 479 310 536 uisi
323 477 464 543 defendes,
479 496 623 534 murorum
638 476 777 535 Romulus
790 497 880 555 augur

184 559 234 616 Ire
247 556 390 614 Palatinas
404 574 461 612 non
473 554 544 624 bene
557 554 627 611 vidit
640 573 715 613 aves.

142 636 183 694 Et
196 637 318 694 nimium
331 633 415 690 remis
429 632 551 700 audent3
576 632 657 709 proh,
672 642 755 709 turpe
769 633 887 703 Latinis,

185 715 317 790 Principe
330 720 367 778 te,
382 711 485 768 fluctus
499 711 575 786 regia
588 711 649 768 vela
662 711 739 787 pati!

142 793 262 858 Necte,
278 789 351 867 quod
367 789 463 846 classis
477 788 600 846 centenis
615 790 733 866 remigat
746 789 806 858 alis,

185 871 321 928 Terreat:
342 867 430 924 invito
444 866 548 923 labitur
560 866 608 923 illa
621 867 702 924 meri.

142 948 288 1024 Quodque
300 945 407 1002 vehunt
420 963 511 1021 prorae
526 943 682 1001 Centauros
696 963 763 1002 saxa
776 949 932 1015 minantes:

186 1027 278 1102 Tigna
291 1043 358 1081 cava
370 1032 399 1080 et
411 1022 502 1099 pictos
515 1023 656 1098 experiere
669 1030 770 1081 metus.

143 1104 265 1180 Frangit
279 1110 308 1159 et
320 1100 425 1158 attollit
436 1100 509 1157 vires
523 1101 553 1157 iu
566 1100 655 1157 milite
668 1120 767 1158 causa:

187 1182 259 1249 Quae
272 1180 328 1236 nisi
337 1179 415 1256 justa
428 1178 533 1244 subest,
549 1180 655 1235 excutit
668 1197 745 1236 arma
756 1179 857 1256 pudor.

144 1260 273 1336 Tempus
287 1258 383 1316 adest:
405 1256 549 1313 committe
563 1267 654 1313 rates:
677 1275 729 1332 ego
742 1258 876 1334 temporis
890 1267 988 1317 auctor

186 1338 296 1395 Ducam
310 1335 446 1410 laurigero
459 1334 477 1392 J
480 1335 535 1391 ulia
548 1342 639 1392 rostra
651 1335 768 1393 manu.''
1039 1351 1041 1354 ·

145 1416 273 1482 Dixerat,
289 1421 317 1471 et
330 1413 471 1490 pharetrae
483 1411 596 1488 pondus
609 1413 750 1470 consumit
762 1412 792 1470 in
805 1433 906 1474 aroris:

187 1494 320 1551 Proxima
333 1500 398 1567 post
411 1510 491 1546 arcus
506 1490 625 1547 Caesaris
639 1491 722 1547 hasta
734 1490 812 1549 furit.

146 1573 244 1630 Vincit
257 1573 348 1627 Roma
361 1569 416 1626 lide
429 1567 539 1635 Phoebi,
554 1569 603 1624 dat
616 1567 720 1625 femina
733 1588 850 1644 poenas:

187 1651 305 1725 Sceptra
318 1667 367 1724 per
382 1645 475 1705 Ionias
489 1647 579 1704 fracta
592 1646 733 1703 vehuntur
746 1666 844 1723 aquas.

150 1727 188 1786 At
200 1736 282 1805 pater
296 1725 385 1783 Idalio
398 1725 516 1781 miratur
531 1724 627 1782 Caesar
640 1725 675 1781 ab
689 1732 773 1793 astro,

188 1813 206 1838 ‘⁶
216 1806 284 1862 Sum
300 1805 388 1861 deus:
410 1810 437 1860 et
451 1802 540 1860 nostri
553 1803 695 1878 sauguinis
708 1803 763 1860 ista
776 1801 877 1862 fides.’'

149 1884 331 1959 Prosequitur
344 1888 427 1939 cantu
440 1880 548 1948 Triton,
564 1900 715 1957 omnesque
730 1882 845 1940 marinae

187 1962 357 2019 Plauseruut
370 1959 444 2017 circa
455 1958 543 2016 libera
556 1959 636 2034 signa
649 1959 720 2016 dece.

149 2040 201 2098 Illa
214 2040 286 2116 petit
300 2039 398 2094 Nilum
412 2037 511 2114 cymba
525 2037 597 2093 mele
610 2037 676 2094 nixa
688 2036 790 2113 fugaci,

187 2118 251 2175 Hoc
264 2135 361 2185 unum,
373 2115 454 2191 jusso
466 2134 523 2171 non
537 2115 672 2171 moritura
685 2115 739 2172 die.

148 2196 185 2254 Di
197 2194 313 2252 mehusl
354 2193 482 2260 Quantus
496 2192 595 2249 mulier
608 2192 679 2250 foret
693 2213 750 2250 una
761 2193 929 2269 triumphus,

186 2275 298 2331 Ductus
312 2279 371 2328 erat
384 2291 434 2348 per
447 2290 516 2345 quas
529 2280 593 2328 ante
607 2270 626 2328 J
628 2271 751 2346 ugurtha
764 2272 838 2328 viasl

146 2352 247 2410 Actius
260 2351 327 2407 hinc
340 2349 425 2407 traxit
439 2349 564 2406 Phoebus
577 2357 766 2418 monumenta,
782 2351 857 2427 quod
871 2350 931 2429 ejus

186 2431 252 2486 Una
262 2429 357 2486 decem
370 2428 437 2485 vieit
450 2427 536 2484 missa
549 2427 652 2503 sagitta
664 2436 750 2485 rates.

146 2508 227 2566 Bella
240 2507 309 2564 satis
323 2506 425 2564 cecini:
447 2504 584 2562 citharam
593 2505 653 2580 jam
667 2508 759 2582 poscit
771 2505 874 2583 Apollo

185 2586 292 2651 Victor,
308 2592 336 2641 et
349 2584 385 2641 ad
399 2583 524 2660 placidos
538 2584 616 2640 uuit
629 2602 707 2640 arma
719 2583 830 2642 choros.

147 2663 275 2724 Candida
288 2682 362 2720 nunc
375 2661 454 2718 molli
467 2661 584 2718 subeant
598 2661 723 2718 convivia
735 2662 807 2730 luco,

186 2741 382 2817 Blanditaeque
395 2740 485 2796 fluant
499 2759 549 2814 per
562 2758 625 2795 mea
638 2739 709 2797 oolla
721 2758 812 2797 rosae:

146 2819 276 2896 Vinaque
291 2819 445 2876 fundantur
458 2817 553 2893 praelis
567 2817 634 2874 elisa
649 2817 782 2885 Falernis,

185 2898 295 2973 Terque
308 2897 381 2954 lavet
394 2903 502 2952 nostras
516 2895 592 2970 spica
606 2895 707 2952 Cilissa
720 2914 825 2955 comas.

146 2976 297 3052 Ingenium
310 2974 385 3052 potis
398 2974 489 3032 irritat
503 2973 588 3030 Musa
602 2973 709 3048 poetis:

186 3053 307 3121 Bacche,
323 3052 396 3110 soles
409 3052 518 3109 Phoebo
531 3050 631 3108 fertilis
645 3070 705 3109 esse
718 3059 778 3109 tuo.

146 3132 201 3190 Ille
214 3131 365 3208 paludosos
379 3138 515 3186 memoret
529 3129 631 3186 servire
646 3129 820 3187 Sicambros:

187 3209 330 3285 Cepheam
343 3209 390 3265 hic
404 3208 521 3264 Meroen
534 3208 667 3282 fuscaque
680 3227 767 3282 regna
780 3213 873 3266 canat.

146 3287 205 3346 Hic
218 3286 320 3344 referat
334 3305 395 3343 sero
407 3285 566 3344 confessum
580 3285 684 3342 foedere
699 3284 856 3344 Parthum:

130 3407 135 3416 .
187 3371 207 3398 “
216 3365 327 3421 Reddat
341 3365 421 3439 signa
435 3363 535 3421 Remi:
556 3383 622 3420 mox
636 3363 714 3436 dabit
727 3362 788 3438 ipse
801 3382 861 3421 sua.

147 3442 210 3517 Sive
223 3442 327 3518 aliquid
339 3437 479 3518 pharetris
491 3441 640 3517 Augustus
654 3445 751 3516 parcet
765 3440 841 3510 Eois,

185 3520 305 3578 Differat
317 3521 347 3578 iu
359 3539 461 3598 pueros
472 3519 528 3577 ista
541 3530 648 3594 tropaea
662 3537 738 3576 suos.
