2486 4172
58 20 200 123 'r
510 181 671 224 canaam.

137 314 199 372 Non
215 333 268 392 ego
282 315 383 372 firmus
395 313 426 372 in
438 313 500 382 hoc,
515 333 572 372 non
585 313 646 371 haeo
659 312 794 390 patientia
806 321 902 374 nostro

174 393 311 470 Ingeni03
334 392 439 468 frangit
452 392 535 450 fortis
548 395 633 450 corda
645 390 733 449 dolor.

137 469 196 528 Nec
209 470 282 528 mihi
294 490 360 529 vera
373 470 450 547 loqui
462 471 552 547 pudor
565 479 616 538 est,
631 470 750 547 vitaeque
763 468 845 530 fateri

172 549 230 607 Tot
242 549 318 606 mala
330 568 472 626 perpessa
484 549 569 607 tedis
581 557 648 606 nata
660 566 740 606 mese.

135 626 210 704 Ergo
224 646 312 703 quum
326 634 440 684 tenuem
452 626 533 684 luero
545 634 671 686 mutatus
684 626 712 682 in
726 627 865 694 umbram,

173 705 357 781 Candidaque
371 724 435 763 ossa
448 724 532 781 snper
544 705 624 781 nigre
635 703 729 762 favilla
742 711 827 779 teget,

133 783 210 839 Ante
223 803 318 840 meum
332 783 433 850 veniat,
448 783 547 859 longos
559 783 682 840 incomta
694 781 818 858 capillos,

173 863 212 916 Et
226 861 293 918 fleat
305 870 370 918 ante
384 880 478 918 meum
491 869 593 918 moesta
607 860 708 918 Neaera
721 879 840 936 rogum

136 937 190 996 Sed
204 939 297 996 veniat
311 958 383 997 oarae
397 939 495 996 matris
509 939 642 996 comitata
654 937 769 1006 dolore;

173 1016 297 1074 Moercat
310 1016 371 1074 lraec
384 1036 495 1093 genero,
511 1023 627 1075 moereat
639 1016 688 1074 illa
699 1016 769 1074 viro.

135 1094 262 1151 Praefatae
276 1103 340 1152 ante
353 1115 429 1153 meos
444 1095 554 1162 Manes,
568 1094 747 1171 animamque
759 1099 890 1170 preestae,

173 1172 355 1250 Perlusaeque
369 1173 429 1249 pias
443 1180 507 1231 ante
522 1173 629 1249 liquore
643 1190 753 1239 manus,

135 1250 203 1307 Pars
217 1270 282 1326 quse
296 1250 355 1307 sola
368 1250 423 1308 mei
438 1251 582 1328 superabit
595 1250 731 1326 eorporis,
745 1267 811 1306 ossa

174 1329 309 1386 Incinctae
322 1328 402 1404 nigra
415 1329 533 1388 candida
545 1337 622 1386 veste
635 1329 730 1404 legant
742 1351 750 1395 ς

133 1405 172 1464 Et
184 1406 308 1482 primum
322 1425 426 1464 annoso
440 1415 574 1484 spargant
587 1406 703 1466 oolleeta
717 1406 821 1482 Lyaeo;

173 1484 244 1541 Mox
258 1484 342 1541 etiem
355 1484 436 1542 niveo
448 1485 565 1544 fundere
577 1485 650 1544 lacte
662 1491 771 1561 parent,

134 1561 202 1619 Post
216 1562 276 1619 haec
290 1562 427 1622 carbaseis
440 1564 587 1620 humorem
601 1562 698 1620 tollere
711 1561 789 1628 velis,

92 1700 95 1706 ,
171 1640 267 1716 Atque
277 1641 307 1696 in
320 1659 475 1698 marmorea
487 1660 590 1718 ponere
604 1641 676 1700 sicea
689 1639 784 1696 domo.

133 1717 214 1786 Illuc,
230 1738 299 1795 quas
313 1719 401 1776 mittit
413 1718 491 1776 dives
506 1720 646 1776 Panchaia
659 1736 775 1784 merces,

172 1797 280 1872 Eoique
293 1796 411 1864 Arabes,
427 1797 540 1873 pinguis
554 1804 582 1854 et
595 1795 722 1873 Assyria,

133 1874 172 1931 Et
186 1875 273 1931 nostri
288 1893 425 1932 memores
438 1875 570 1952 laerymae
583 1875 739 1932 fundantur
752 1871 849 1931 eodem
860 1895 867 1930 r

174 1951 220 2010 Sic
233 1971 284 2028 ego
298 1951 436 2028 componi,
451 1973 547 2010 versus
560 1953 590 2010 in
603 1973 673 2020 ossa,
688 1949 782 2008 velim.

134 2028 190 2086 Sed
204 2029 313 2087 tristem
326 2029 424 2088 mortis
438 2031 612 2088 demonstret
625 2031 720 2089 littera
732 2047 854 2098 causam,

139 2105 144 2118 ¹
173 2107 267 2184 Atque
281 2108 343 2166 heec
356 2108 386 2166 in
400 2110 501 2168 celebri
515 2109 639 2168 carmina
651 2110 744 2166 fronte
757 2115 856 2165 notet:

134 2186 313 2246 Lronsrrns
346 2205 403 2246 mc
429 2206 517 2246 sirus
544 2206 619 2257 nsr3
651 2204 760 2246 nonos
785 2204 865 2246 nure
889 2207 929 2246 nr
951 2206 1037 2246 eona

256 2265 396 2332 Nemas,

174 2341 491 2412 Commissum,
508 2362 607 2402 causa
618 2363 739 2405 rnnrnn
756 2360 841 2404 rurs.

480 2623 630 2682 ELEGIA
649 2626 687 2683 X.
705 2613 719 2686 “,
889 2563 1018 2652 ΠΤ·
1034 2571 1078 2650 3·

899 2659 976 2676 σ--ι

134 2795 212 2865 Quid
224 2795 341 2873 prodest
353 2795 456 2854 eoelum
469 2797 542 2854 votis
556 2798 696 2875 implesse,
712 2801 824 2871 Neaera,

173 2875 336 2952 Blandaque
349 2894 414 2932 cum
428 2876 517 2933 multa
530 2884 594 2934 ture
607 2878 717 2937 dedisse
731 2899 821 2956 prece,

134 2952 210 3020 Non,
225 2964 258 3010 nt
270 2953 420 3010 marmorei
434 2954 574 3029 prodirem
588 2975 603 3013 e
617 2955 713 3015 limine
727 2959 802 3028 teeti,

175 3032 297 3108 Insignis
305 3031 387 3088 'clara
400 3032 623 3109 conspicuusque
637 3035 730 3108 domo,

134 3108 195 3165 Aut
214 3120 247 3166 ut
260 3109 351 3166 multa
363 3109 418 3166 mei
431 3121 596 3168 renovarent
606 3112 706 3190 jugera
719 3115 801 3184 tauri,

173 3186 211 3243 Et
224 3205 341 3264 magnas
354 3206 460 3245 messes
473 3197 549 3246 terra
560 3190 680 3268 benigna
694 3191 782 3262 daret,

137 3264 192 3322 Sed
205 3274 298 3323 tecum
312 3272 345 3322 ut
358 3265 448 3341 longae
463 3267 597 3324 sociarem
611 3270 714 3345 gaudio
727 3271 800 3338 vite,

175 3344 262 3420 Inque
276 3351 326 3400 tuo
339 3343 450 3400 caderet
464 3356 560 3402 nostra
573 3356 685 3404 senecta
698 3348 771 3412 sinu.

135 3421 216 3478 Tunc
230 3441 326 3498 quum,
341 3440 503 3497 praemensae
517 3423 666 3482 defunctus
679 3436 806 3504 tempore
819 3424 898 3496 lucis,

178 3498 282 3574 Nudus
296 3499 414 3559 Lethaea
428 3519 541 3578 cogerer
554 3501 594 3560 ire
608 3502 687 3561 ratel
1043 3512 1078 3566 10
