2486 4172
332 773 449 846 SEXT.
474 772 576 846 luu.
605 772 837 846 Puoruulll
866 771 1079 845 GARMlNA.

607 1003 803 1038 -.*...-—-

181 1172 236 1279 {s
276 1183 341 1261 al
608 1193 757 1250 ELEGIA
779 1193 804 1249 1.

253 1348 308 1414 Tu,
323 1345 371 1423 qui
384 1353 541 1404 consortem
555 1364 687 1422 properas
702 1345 816 1402 eradere
830 1364 934 1412 casum,

293 1425 387 1492 Miles,
403 1425 437 1482 ab
451 1425 578 1482 Etruscis
593 1424 703 1482 saucius
717 1423 874 1500 aggeribus,

255 1502 329 1576 Quid
344 1512 408 1560 nost
410 1522 440 1560 ro
454 1503 561 1578 gemitu
573 1501 716 1578 turgentia
728 1501 834 1558 lumina
847 1497 980 1578 torques?

294 1582 362 1638 Pars
376 1600 429 1658 ego
442 1600 505 1636 sum
520 1589 621 1637 vestrae
635 1580 762 1656 proxima
775 1580 894 1638 militiae.

255 1659 300 1717 Sic
313 1668 341 1715 te
355 1669 464 1716 servato
477 1659 588 1735 possint
602 1658 722 1734 gaudere
736 1665 874 1733 parentes,

294 1738 367 1794 Haec
382 1757 460 1794 soror
473 1745 535 1794 acta
548 1737 605 1793 tuis
626 1736 726 1793 sentiat
737 1754 751 1791 e
764 1735 903 1792 lacrimis:

255 1816 367 1874 Gallum
382 1834 432 1891 per
445 1814 552 1872 medios
566 1823 692 1889 ereptum
708 1814 828 1871 Caesaris
842 1832 922 1870 enses

293 1894 426 1969 Effugere
439 1894 549 1969 ignotas
564 1912 619 1949 non
633 1893 758 1968 potuisse
768 1911 877 1958 manus,

254 1971 292 2028 Et
307 1991 480 2048 quaeeunque
493 1990 577 2047 super
590 1971 716 2046 dispersa
729 1970 864 2026 invenerit
874 1988 938 2026 ossa

295 2049 442 2106 Montibus
457 2049 583 2106 Etruscis
597 2049 661 2106 haee
675 2049 744 2104 sciat
758 2067 818 2104 esse
831 2066 903 2122 mea.

127 2314 172 2393 -Τ
208 2323 231 2359 f,
262 2321 305 2378 ,μ
601 2274 751 2332 ELEGIA
773 2273 814 2330 ΙΙ.

128 2414 189 2439 *⁸*
257 2429 365 2496 Qualis,
380 2439 408 2485 et
423 2428 495 2485 unde
509 2448 607 2504 genus,
623 2428 670 2504 qui
684 2427 740 2484 sint
753 2426 831 2493 mihi,
843 2425 933 2490 Tulle,
948 2424 1077 2493 Penates,

296 2507 405 2574 Quaeris
419 2526 471 2583 pro
484 2516 581 2563 nostra
594 2525 704 2581 semper
718 2504 849 2562 amicitia.

257 2585 287 2642 Si
301 2587 436 2642 Perusina
450 2585 501 2641 tibi
514 2586 612 2660 patriae
626 2593 691 2640 sunt
704 2592 770 2639 nota
784 2583 919 2658 sepulcra,

296 2663 386 2721 Italiae
401 2663 479 2719 duris
493 2663 590 2720 lunera
603 2661 786 2738 temporibus,

257 2741 330 2798 Cum
346 2743 473 2798 Romana
487 2759 552 2798 suos
566 2742 623 2816 egit
637 2739 811 2796 discordia
788 2757 869 2802 cives,
872 2769 911 2780 ·-

205 2854 208 2858 ·
297 2819 339 2876 Sit
353 2819 423 2876 mihi
436 2819 585 2894 praecipue,
600 2818 692 2894 pulvis
706 2819 743 2872 Et
732 2826 831 2883 t,rusca
845 2816 942 2873 dolor:

257 2899 302 2955 Tu
315 2897 440 2974 projecta
452 2897 507 2953 mei
522 2916 660 2986 perpessa
666 2915 695 2952 es
709 2896 835 2952 membra
848 2891 1007 2972 propinqui,

296 2977 340 3033 Tu
354 2976 431 3032 nullo
445 2976 541 3032 miseri
554 2976 677 3050 contegis
691 2992 754 3030 ossa
768 2973 836 3039 solo,
839 3005 878 3015 —

258 3055 390 3111 Proxima
403 3054 550 3143 supposito
564 3054 727 3128 contingens
742 3051 860 3107 Umbria
870 3067 969 3125 campo

297 3133 347 3190 Me
361 3133 466 3210 genuit,
446 3131 563 3188 tterris
576 3130 676 3187 fertilis
689 3129 831 3186 uberibus
1154 3119 1180 3176 10

593 3355 742 3414 ELEGIA
762 3355 822 3412 III.

86 3491 151 3592 ‘J'
198 3497 209 3581 ‚l
258 3511 398 3578 Quaeritis,
414 3509 488 3566 unde
502 3506 669 3565 mihitoties
682 3505 968 3572 scribanturamores,
1051 3555 1058 3589 Ι

114 3552 134 3591 ’
297 3590 380 3647 Unde
393 3608 473 3645 meus
487 3587 578 3644 veniat
593 3586 705 3642 mollis
698 3604 727 3641 ln
741 3600 787 3643 ore
786 3575 880 3642 liber.
1011 3568 1046 3624 Α
