2486 4172
285 803 408 878 AIiBII
436 803 613 878 TIBULLI
642 801 856 877 casulas.

475 1174 626 1234 ELEGIA
646 1173 671 1232 1.

157 1327 280 1385 Divitias
294 1327 364 1386 alius
378 1327 455 1386 fulvo
469 1328 523 1386 sibi
537 1334 669 1406 congerat
682 1347 758 1395 auro,

198 1406 236 1462 Et
250 1414 344 1463 teneat
357 1407 424 1464 culti
435 1406 535 1484 jugera
548 1407 638 1464 multa
651 1405 710 1474 soli,

158 1485 252 1553 Quem
266 1485 345 1542 labor
358 1485 493 1543 adsiduus
502 1485 593 1542 vicino
607 1491 710 1542 terreat
722 1483 813 1552 hoste,

198 1563 306 1621 Martia
319 1565 364 1621 cui
378 1583 493 1622 somnos
507 1563 623 1621 classica
636 1563 718 1639 pulsa
731 1563 846 1638 fugent:

158 1642 210 1699 Me
220 1661 284 1700 mea
298 1651 448 1720 paupertas
461 1643 525 1699 vitae
541 1642 672 1699 traducat
685 1641 778 1708 inerti,

201 1721 277 1777 Dum
292 1739 370 1778 meus
385 1721 498 1778 assiduo
511 1721 602 1778 luceat
616 1721 680 1796 igne
694 1719 783 1776 focus.

159 1800 228 1876 Ipse
242 1818 331 1855 seram
346 1807 457 1856 teneras
471 1809 581 1856 maturo
596 1807 721 1874 tempore
735 1797 806 1854 vites

200 1877 344 1944 Rusticus,
356 1887 384 1934 et
394 1877 468 1935 facili
480 1877 596 1954 grandia
609 1896 695 1953 poma
708 1896 802 1933 manu.

159 1956 223 2014 Nee
237 1955 307 2032 Spes
318 1955 461 2024 destituat,
477 1957 527 2013 sed
540 1957 654 2032 frugum
668 1973 779 2030 semper
791 1971 905 2012 acervos

201 2033 339 2103 Praebeat,
355 2042 384 2091 et
394 2034 477 2111 pleno
491 2035 606 2111 pinguia
619 2041 713 2090 musta
726 2033 798 2090 lacu.

160 2112 237 2170 Nam
251 2131 376 2181 veneror,
391 2132 441 2170 seu
455 2115 542 2189 stipes
556 2112 641 2170 habet
655 2111 782 2169 desertus
795 2110 824 2168 in
836 2110 919 2187 agris,

201 2189 256 2247 Seu
265 2200 347 2248 vetus
361 2191 390 2248 in
404 2191 486 2248 trivio
496 2192 583 2248 florea
597 2199 671 2248 serta
683 2190 772 2266 lapis:

159 2269 200 2325 Et
214 2269 397 2346 quodeunque
410 2269 481 2326 mihi
493 2289 609 2346 pomum
624 2274 713 2325 novus
727 2267 827 2325 educat
840 2286 938 2335 annus,

201 2347 333 2404 Libatum
348 2347 477 2424 agricolae
491 2347 606 2424 ponitur
619 2355 683 2404 ante
697 2345 759 2404 deo.

160 2425 246 2482 Flava
261 2425 355 2492 Ceres,
371 2426 423 2483 tibi
437 2427 473 2483 sit
486 2435 583 2482 nostro
597 2425 631 2482 de
646 2444 709 2482 rure
722 2443 825 2482 corona

202 2502 310 2580 Spicea,
325 2524 388 2582 quae
401 2504 501 2581 templi
511 2504 631 2581 pendeat
645 2511 711 2560 ante
723 2504 816 2569 fores3

161 2581 345 2659 Pomosisque
358 2583 442 2639 ruber
456 2591 551 2640 custos
565 2591 687 2659 ponatur
698 2583 728 2638 in
742 2581 841 2648 hortis,

199 2661 313 2717 Terreat
326 2669 359 2716 ut
372 2679 447 2718 saeva
459 2660 529 2718 falce
540 2661 658 2737 Priapus
672 2679 745 2718 aves.

160 2738 220 2795 Vos
234 2757 344 2815 quoque
357 2738 445 2796 felicis
456 2739 607 2816 quendam,
622 2758 697 2796 nnnc
710 2737 851 2814 pauperis,
867 2738 927 2816 agri

201 2816 350 2884 Custodes,
365 2816 445 2874 fertis
460 2836 576 2874 munera
585 2827 687 2884 vestra,
703 2818 799 2874 Lares

160 2895 242 2952 Tunc
257 2895 343 2952 vitula
355 2895 517 2952 innumeros
531 2895 668 2952 lustrabat
682 2915 752 2952 eaesa
762 2895 915 2972 juvencos:

202 2972 287 3030 Nunc
300 2993 372 3050 agna
386 2974 479 3050 exigui
493 2982 536 3031 est
547 2973 640 3030 hostia
653 2994 755 3049 magna
768 2973 830 3030 soli.

161 3050 246 3126 Agna
259 3051 340 3108 cadet
352 3051 441 3118 vobis
456 3072 540 3128 quam
554 3053 658 3109 circum
672 3052 777 3108 rustica
791 3051 879 3127 pubes

202 3128 329 3186 Clamet:
352 3129 394 3196 Io,
410 3149 516 3188 messes
530 3139 559 3188 et
572 3131 645 3187 bona
657 3130 722 3186 vina
736 3130 810 3187 date.

160 3206 227 3266 Jam
242 3209 326 3264 modo
340 3227 398 3264 non
411 3227 527 3285 possum
541 3217 689 3266 contentus
702 3209 793 3265 vivere
807 3226 901 3284 parvo,

204 3285 265 3342 Nec
280 3305 390 3363 semper
403 3286 496 3363 longae
510 3286 622 3344 deditus
636 3306 696 3344 esse
709 3287 780 3355 vioe3

162 3363 219 3422 Sed
233 3364 320 3422 Canis
334 3365 446 3422 aestivos
460 3378 539 3422 ortus
553 3365 640 3422 vitare
655 3365 708 3420 sub
722 3365 822 3420 umbra

201 3442 330 3512 Arboris,
345 3443 382 3500 ad
394 3443 470 3500 rivos
483 3444 679 3520 praetereuntis
694 3461 784 3518 aquae.

161 3519 223 3579 Nec
237 3530 332 3579 tamen
345 3521 489 3578 interdum
504 3520 608 3598 pudeat
622 3519 744 3578 tenuisse
755 3519 906 3586 bidentem,
929 3590 932 3600 ,

199 3599 261 3658 Ant
274 3600 392 3658 stimulo
407 3599 503 3657 tardos
517 3599 688 3676 increpuisse
701 3599 786 3656 boves
797 3623 805 3666 ;

828 3705 829 3710 ¹
937 3694 954 3730 C

1050 1643 1067 1696 5
