2486 4172
190 157 226 213 lo
509 170 537 210 c.
555 169 690 217 vinnan
712 167 847 208 carum

228 305 357 363 Necdum
372 304 456 362 etiam
471 323 539 373 sese,
556 324 619 381 quae
632 303 707 368 visit,
721 302 810 360 visere
823 301 929 372 credit;

228 383 335 460 Utpote
348 382 439 440 fallaci
452 402 516 459 quae
530 392 591 440 tum
606 383 729 458 primum
743 381 833 440 excita
846 400 944 438 somno
1154 384 1171 439 5

228 463 374 519 Desertam
388 461 418 520 in
432 461 490 518 sola
503 461 634 520 miseram
648 480 678 518 se
691 460 779 518 cernit
792 479 884 518 arena.

228 540 382 598 Immemor
395 547 424 597 at
434 539 544 616 juvenis
557 538 668 616 fugiens
682 539 760 616 pellit
773 537 845 595 vada
857 538 951 606 remis,

228 619 313 676 Irrita
325 626 447 675 ventosae
461 618 590 695 linquens
603 617 742 694 promissa
755 617 901 694 procellae:

229 697 320 764 Quem
334 695 432 772 procul
445 715 479 754 ex
492 695 555 773 alga
569 695 677 754 moestis
692 694 798 752 Minois
811 695 914 763 ocellis,

229 775 317 832 Saxea
331 783 363 831 ut
377 774 483 852 effigies
494 772 658 832 bacchantis
672 773 808 850 prospicit
821 773 915 830 Evae:

229 853 376 929 Prospicit,
392 860 421 910 et
431 852 541 928 magnis
554 871 684 909 curarum
698 851 816 908 fluctuat
829 850 922 920 undis,

228 932 294 988 Non
308 931 379 988 flavo
392 929 515 987 retinens
528 929 660 988 subtilem
673 929 775 987 vertice
788 930 909 998 mitram,

228 1010 295 1067 Non
309 1016 437 1067 contecta
450 1008 504 1066 levi
517 1008 639 1065 velatum
652 1015 751 1084 pectus
765 1008 878 1075 amictu,

228 1087 295 1144 Non
308 1087 390 1143 tereti
403 1086 531 1164 strophio
543 1086 681 1143 luctantes
693 1087 787 1144 vincta
799 1085 934 1163 papillas:

228 1165 332 1222 Omnia
345 1184 409 1241 quae
423 1172 483 1222 toto
497 1164 611 1242 delapsa
624 1183 639 1222 e
653 1183 768 1241 corpore
781 1165 886 1241 passim

224 1239 324 1321 'Ipsius
338 1241 500 1320 antepedes
514 1244 617 1301 fluctus
631 1243 696 1300 salis
710 1242 881 1301 alludebant.

229 1321 284 1378 Sed
297 1340 387 1397 neque
401 1329 462 1379 tum
475 1322 576 1390 mitrae,
591 1341 681 1398 neque
695 1329 757 1378 tum
771 1321 908 1379 fluitantis
923 1319 1042 1400 amictus

229 1399 283 1457 Illa
295 1397 384 1456 vicem
398 1419 507 1467 curans,
523 1407 583 1458 toto
597 1419 631 1457 ex
645 1409 673 1458 te
686 1408 807 1477 pectore,
821 1399 943 1468 Theseu,

228 1478 301 1534 Toto
314 1477 415 1546 animo,
431 1487 491 1536 tota
503 1478 643 1556 pendebat
657 1478 766 1556 perdita
778 1485 881 1536 mente.

227 1555 276 1612 Ah
289 1556 398 1623 misera,
410 1557 529 1615 assiduis
542 1577 626 1635 quam
639 1556 762 1615 luctibus
776 1555 930 1615 externavit

229 1633 360 1709 Spinosas
374 1635 495 1714 Erycina
509 1655 603 1694 serens
616 1637 645 1693 in
659 1644 771 1712 pectore
785 1654 865 1693 curas

228 1711 282 1769 Illa
295 1721 472 1790 tempestate,
486 1715 567 1774 ferox
580 1733 636 1792 quo
650 1722 775 1790 tempore
788 1713 916 1771 Theseus

227 1791 366 1867 Egressus
380 1793 470 1850 curvis
484 1812 499 1850 e
513 1793 642 1849 litoribus
657 1788 742 1849 Piraei

228 1868 334 1946 Attigit
346 1869 445 1946 injusti
458 1871 531 1945 regis
546 1869 685 1946 Gortynia
697 1875 781 1926 tecta.

228 1947 303 2004 Nam
317 1947 467 2023 perhibent
480 1948 547 2005 olim
561 1945 667 2003 crudeli
679 1953 758 2024 peste
772 1952 897 2002 coactam

227 2024 438 2101 Androgeoneae
452 2044 550 2102 poenas
564 2023 705 2082 exsolvere
718 2024 804 2082 caedis

227 2103 340 2160 Electos
350 2103 467 2178 juvenes
481 2103 565 2161 simul
578 2111 606 2160 et
620 2103 705 2166 decus
717 2102 902 2179 innuptarum

228 2180 392 2256 Cecropiam
406 2182 517 2239 solitam
532 2201 592 2239 esse
606 2180 706 2259 dapem
720 2180 786 2238 dare
801 2181 981 2239 Minotauro:

228 2258 299 2325 Quis
313 2267 433 2335 augusta
445 2258 525 2318 malis
539 2279 604 2319 curn
617 2260 721 2318 moeuia
733 2268 908 2327 vexarentur,

227 2337 294 2412 Ipse
308 2356 391 2394 suum
405 2337 532 2396 Theseus
545 2359 596 2416 pro
609 2339 681 2396 caris
694 2357 795 2415 corpus
809 2338 929 2396 Athenis

227 2414 365 2490 Projicere
378 2417 485 2492 optavit
498 2419 601 2494 potius,
616 2437 700 2494 quam
714 2417 780 2475 talia
794 2417 908 2476 Cretam

227 2493 337 2551 Funera
350 2493 493 2573 Cecropiae
506 2497 653 2554 ne·funera
666 2503 854 2572 portarentur.

225 2571 320 2648 Atque
334 2572 374 2630 ita
387 2593 456 2632 nave
465 2574 520 2631 levi
534 2575 635 2641 nitens,
651 2593 683 2631 ac
696 2573 805 2630 lenibus
823 2572 897 2629 auris

226 2649 441 2725 Magnanimum
455 2650 491 2709 ad
505 2653 604 2711 Minoa
616 2651 701 2718 venit,
717 2649 851 2728 sedesque
865 2650 1010 2727 superbas.

226 2728 313 2786 Hunc
327 2730 457 2788 simulac
471 2730 573 2807 cupido
587 2729 733 2805 conspexit
746 2729 850 2786 lumine
864 2729 942 2805 virgo

225 2807 322 2881 Regia,
338 2826 423 2883 quam
437 2826 534 2865 suaves
548 2808 693 2883 exspirans
706 2814 801 2864 castus
814 2806 913 2864 odores

225 2883 360 2942 Lectulus
374 2885 404 2941 in
417 2885 495 2942 molli
508 2885 657 2961 complexu
670 2884 767 2942 matris
777 2884 885 2944 alebat:

225 2960 330 3028 Quales
344 2962 458 3019 Eurotae
472 2964 644 3040 progignunt
657 2963 774 3021 flumina
786 2973 904 3040 myrtos,

224 3039 336 3098 Aurave
350 3040 497 3098 distinctos
511 3041 604 3099 educit
616 3060 702 3102 verna
714 3040 836 3100 oolores=

225 3118 291 3174 Non
303 3118 383 3194 prius
397 3138 431 3176 ex
443 3119 492 3178 illo
504 3119 652 3196 flagrantia
664 3119 812 3179 declinarit

157 3247 165 3258 .
224 3195 355 3265 Lumina,
370 3216 455 3274 quam
469 3206 571 3256 cuncto
584 3199 712 3275 concepit
725 3208 837 3275 pectore
850 3200 993 3258 flammam

225 3273 373 3342 Funditus,
389 3283 473 3353 atque
486 3275 550 3334 imis
565 3278 669 3335 exarsit
682 3285 742 3334 tota
753 3277 896 3335 medullis.

225 3353 353 3420 Quantos
366 3354 415 3412 illa
427 3355 493 3412 tulit
506 3355 650 3432 languenti
664 3355 746 3413 corde
760 3355 890 3418 timoresl

225 3431 370 3498 Quantum
387 3452 463 3509 saepe
477 3434 566 3510 magis
579 3434 687 3510 fulgore
701 3433 836 3509 expalluit
849 3432 925 3491 auril

224 3507 299 3566 Cum
312 3528 418 3568 saevum
433 3511 548 3587 cupiens
562 3521 660 3569 contra
672 3510 839 3568 contendere
853 3519 1019 3581 monstrum,

223 3585 283 3645 Aut
296 3596 416 3646 mortem
430 3597 576 3666 oppeteret
588 3587 726 3657 Theseus,
741 3596 791 3646 aut
803 3589 920 3666 praemia
932 3589 1034 3650 laudis.
