2486 4172
176 163 214 216 26
549 175 640 214 annu
661 175 795 216 risuum

215 310 282 368 Non
297 327 432 385 agnamve
447 307 510 366 sinu
523 307 619 384 pigeat
632 307 756 364 fetumve
770 307 884 384 capellae

256 389 416 454 Desertum,
431 387 518 444 oblita
531 395 629 454 matre,
644 386 746 443 referre
759 385 886 443 domum.

216 469 257 524 At
270 485 320 524 vos
334 466 435 542 exiguo
449 465 551 542 pecori,
566 464 697 542 furesque
710 464 834 541 lupique,

257 544 385 612 Parcite;
407 544 441 601 de
455 563 558 620 magno
572 553 614 600 est
628 543 858 619 praedapetenda
871 561 964 618 grege.

218 624 276 681 Hic
289 643 341 700 ego
355 632 550 699 pastoremque
565 640 660 678 meum
674 621 793 679 lustrare
807 622 965 698 quotannis,

257 702 296 759 Et
309 701 446 777 placidam
461 701 536 757 soleo
551 720 564 756 s
586 718 681 776 argere
694 699 766 756 lacte
781 700 887 758 Palem.

218 779 338 848 Adsitis,
353 779 418 846 divi,
434 798 547 835 necros
561 721 596 835 <ie
610 797 732 853 paupere
746 797 844 836 mensa

258 859 349 923 Dona,
363 877 414 914 nee
428 876 443 914 e
457 857 535 933 puris
549 856 671 933 spernite
685 855 829 913 fictilibus.

219 936 329 994 Fictilia
343 936 474 1012 antiquus
488 935 611 1010 primum
625 934 679 991 sibi
692 930 759 991 lecit
772 934 890 1011 agrestis

259 1015 379 1081 Pocula:
388 1013 422 1070 de
435 1012 511 1070 facili
522 1013 734 1090 composuitque
747 1012 817 1070 luto.

219 1093 286 1151 Non
300 1111 352 1168 ego
366 1091 476 1148 divitias
490 1099 603 1166 patrum
616 1090 780 1167 fructusque
793 1091 913 1168 requiro,

259 1170 339 1238 Quos
353 1169 419 1226 tulit
432 1170 548 1246 antiquo
562 1169 675 1240 condita
689 1170 787 1226 messis
801 1189 863 1227 avo.

221 1248 311 1306 Parva
324 1267 403 1324 seges
413 1247 481 1304 satis
495 1255 539 1304 est
550 1272 557 1315 ;
580 1248 648 1304 satis
659 1255 712 1314 est,
724 1248 896 1324 requiescere
909 1247 981 1304 lecto

261 1326 291 1383 Si
304 1327 378 1393 licet,
394 1334 422 1383 et
436 1324 519 1384 solito
531 1326 657 1384 membra
667 1325 757 1384 levare
771 1334 843 1384 toro.

222 1405 314 1472 Quam
325 1403 406 1480 juvat
419 1404 542 1461 immites
555 1414 654 1462 ventos
668 1403 763 1461 audire
776 1405 934 1472 cubantem,

260 1483 299 1540 Et
312 1482 454 1540 dominam
470 1490 565 1540 tenero
579 1482 750 1541 continuisse
764 1483 838 1548 sinu,

151 1601 153 1605 ,
221 1561 291 1629 Aut,
306 1561 411 1638 gelidas
424 1561 559 1618 hibernus
573 1581 660 1638 aquas
675 1581 763 1637 quum
776 1561 881 1619 fuderit
893 1561 1008 1630 Auster,

262 1640 397 1698 Securum
410 1659 534 1707 somnos,
549 1639 638 1698 imbre
648 1639 773 1716 juvante,
789 1639 884 1716 sequi!

223 1719 288 1776 Hoc
301 1717 372 1775 mihi
384 1718 546 1794 contingats
568 1718 604 1775 sit
618 1718 695 1775 dives
706 1718 778 1794 jure,
794 1718 920 1776 furorem
1024 1747 1029 1753 ·

262 1797 320 1864 Qui
333 1797 418 1853 maris
432 1804 460 1856 et
475 1796 570 1854 tristes
584 1796 656 1854 ferre
672 1804 766 1872 potest
779 1795 897 1872 pluvias.

223 1877 249 1934 0
264 1883 401 1951 quantum
415 1881 459 1930 est
472 1874 533 1931 auri
546 1875 642 1950 potins
655 1883 806 1952 pereatque
819 1873 969 1951 smaragdi,

262 1954 356 2020 Quam
370 1953 437 2010 fleat
450 1952 486 2009 ob
500 1961 610 2010 nostras
624 1953 681 2010 ulla
694 1953 787 2030 puelle
800 1953 869 2010 vias.

223 2032 264 2090 Te
278 2031 380 2088 bellare
395 2030 474 2088 decet
488 2038 570 2099 terra,
586 2030 717 2096 Messala,
732 2031 866 2108 marique,

263 2109 305 2167 Ut
321 2109 421 2166 domus
435 2108 552 2168 hostiles
565 2110 696 2184 praeferat
710 2109 833 2168 exuvias.

209 2257 211 2262 Ι
224 2189 276 2247 Me
289 2188 410 2246 retinent
423 2188 547 2246 vinetum
563 2189 692 2246 formosae
704 2188 795 2246 vinclo
807 2187 919 2264 puellae,

263 2267 302 2324 Et
316 2266 398 2323 sedeo
413 2266 496 2324 durus
507 2267 613 2344 janitor
626 2277 690 2324 ante
704 2267 787 2326 fores.

226 2345 293 2403 Non
306 2363 359 2421 ego
372 2345 480 2402 laudari
493 2366 569 2413 euro,
584 2365 648 2404 mea
661 2345 759 2403 Delia:
781 2352 876 2402 tecum

265 2423 426 2480 Dummodo
441 2424 502 2492 sim,
517 2443 622 2500 quaeso,
638 2425 731 2500 segnis
744 2423 874 2501 inersque
887 2442 979 2482 vocer.

224 2502 265 2560 'l’e
279 2511 411 2580 spectem,
427 2522 557 2578 supreme
570 2503 641 2560 mihi
655 2523 741 2581 quum
756 2503 862 2560 venerit
875 2502 954 2570 hora,

264 2580 305 2638 Te
319 2589 428 2638 teneam
442 2581 563 2638 moriens
577 2581 724 2638 deficiente
738 2599 833 2638 menn.

226 2658 319 2718 Flebis
333 2667 361 2716 et
375 2679 473 2717 arsuro
487 2659 610 2734 positum
625 2678 679 2726 me,
696 2659 785 2727 Delia,
801 2658 882 2727 lecto,

265 2737 405 2796 Tristibus
416 2745 445 2796 et
457 2737 579 2794 lacrimis
593 2736 689 2795 oscula
702 2737 791 2794 mixta
805 2737 895 2796 debis.

155 2837 156 2842 ¹
172 2885 179 2898 ,
227 2815 338 2883 Flebis,
361 2835 417 2873 non
432 2824 480 2871 tua
490 2825 557 2872 sunt
571 2815 641 2872 duro
654 2816 808 2892 praecordia
821 2817 896 2874 ferro

155 2905 157 2912 '
266 2894 376 2962 Vincta,
392 2912 443 2950 nec
456 2894 485 2950 in
498 2902 594 2952 tenero
605 2903 661 2952 stat
675 2895 726 2952 tibi
739 2894 823 2954 eorde
836 2895 916 2954 silex.

227 2972 281 3031 Illo
294 2991 350 3032 non
357 2971 469 3049 juvenis
481 2972 584 3048 poterit
598 2973 633 3030 de
646 2972 743 3030 funere
756 2973 904 3050 quisquam

267 3050 398 3119 Lumina,
413 3069 469 3107 non
483 3051 571 3127 virgo,
587 3051 660 3110 sicce
673 3051 775 3110 referre
789 3051 916 3110 domum.

228 3129 273 3186 Tu
287 3129 388 3186 Manes
401 3148 436 3186 ne
446 3129 518 3188 laede
532 3149 626 3198 meos;
648 3129 698 3188 sed
712 3149 795 3206 parce
808 3130 908 3188 solutis

269 3207 411 3275 Crinibus,
427 3215 455 3265 et
469 3207 580 3276 teneris,
596 3208 685 3276 Delin,
701 3227 783 3284 parce
796 3209 885 3286 genis.

230 3287 351 3355 Interea,
366 3286 432 3345 dum
447 3286 505 3344 fata
516 3287 621 3354 sinunt,
633 3286 785 3364 jungamus
799 3306 928 3354 umores3

269 3365 335 3424 Jarn
349 3366 440 3424 veniet
454 3366 577 3424 tenebris
591 3366 671 3425 Mors
684 3365 818 3442 adoperta
831 3374 935 3441 caput3

230 3443 296 3504 Jam
310 3444 443 3520 subrepet
456 3445 531 3502 iners
544 3454 622 3512 aetas,
637 3463 689 3502 nee
701 3461 794 3500 amare
808 3443 925 3512 decebit,

270 3522 369 3579 Dicere
383 3542 436 3580 nee
449 3541 518 3580 cano
531 3522 681 3579 blanditias
695 3521 796 3597 capite.

231 3601 318 3658 Nunc
330 3600 398 3657 levis
408 3614 450 3657 est
465 3600 612 3658 tractanda
626 3599 733 3667 Venus,
744 3599 814 3656 dum
828 3599 965 3677 frangere
969 3605 1066 3677 postes
