2486 4172
160 199 197 254 64
424 213 517 254 suxrr
538 211 675 252 sunnin
698 211 873 252 rnornnau

199 346 306 416 Gaude,
322 346 431 415 Crasse,
447 344 549 422 nigras,
565 343 669 422 siquid
684 343 767 420 sapis,
782 344 856 402 inter
869 363 984 415 arenos3

237 426 283 483 lre
295 443 346 501 per
358 423 524 501 Euphraten
536 423 573 480 ad
585 430 635 480 tua
647 423 731 480 busta
743 421 837 480 licet.”

199 502 245 562 Sic
258 510 369 560 noctem
382 508 488 579 patera,
504 500 543 558 sic
556 501 656 559 ducam
670 501 801 570 carmine,
817 499 904 559 donec

238 579 350 659 injiciat
363 579 456 642 radios
469 579 499 637 in
512 598 575 638 mea
587 579 652 637 vino
665 578 734 637 dies.

141 875 176 954 V
213 861 263 951 '0
538 851 687 914 ELEGIA
707 851 761 912 XI.

199 1029 285 1088 Nunc
298 1027 378 1086 lovis
390 1027 446 1086 inci
466 1027 522 1086 iam
536 1046 631 1086 causas
644 1027 751 1104 aperire
765 1027 881 1097 Feretri,

238 1109 381 1183 Armaque
395 1105 429 1164 de
443 1047 560 1164 ducibus
573 1106 648 1163 trina
660 1113 772 1182 recepta
785 1107 886 1164 tribus.

201 1185 340 1260 Magnum
353 1185 407 1242 iter
420 1183 549 1251 ascendo,
564 1183 614 1242 sed
627 1184 675 1241 dat
688 1183 759 1241 mihi
772 1183 861 1260 gloria
873 1185 965 1244 vires:

239 1263 307 1320 Non
315 1261 396 1339 juvat
409 1281 424 1319 e
437 1261 512 1320 facili
523 1260 596 1319 lecto
608 1279 710 1320 corona
719 1261 799 1338 jugo.

200 1340 310 1399 Imbuis
323 1339 481 1416 exemplum
494 1339 592 1416 primae
604 1347 646 1408 tu,
662 1339 791 1407 Romule,
827 1340 908 1398 almae

240 1417 344 1496 Hujus,
359 1425 387 1476 ct
400 1417 506 1476 exuviis
519 1417 619 1494 plenus
632 1418 668 1475 ab
680 1417 764 1476 hoste
775 1359 860 1487 reiis,

200 1496 339 1572 Tempore
353 1516 408 1574 quo
421 1503 517 1572 portas
531 1495 679 1553 Caeninum
693 1497 818 1554 Acronta
831 1503 974 1573 petentem

240 1575 338 1632 Victor
350 1575 379 1631 in
393 1593 519 1631 eversum
533 1573 648 1650 cuspide
660 1574 755 1631 fundis
769 1593 882 1650 equum.

200 1653 296 1710 Acron
309 1653 467 1710 Herculeus
480 1651 595 1710 Caenina
609 1651 708 1709 ductor
720 1652 756 1708 ab
770 1671 841 1720 arce,

241 1731 340 1798 Roma,
355 1731 413 1788 tuis
426 1729 567 1807 quondam
580 1729 684 1787 finibus
697 1729 797 1787 horror
809 1736 878 1788 erat.

201 1809 259 1868 Hic
273 1809 362 1886 spolio
374 1827 408 1866 ex
421 1808 547 1866 humeris
560 1827 645 1864 ausus
658 1827 769 1883 sperare
783 1807 893 1875 Quirini

241 1888 307 1963 lpse
321 1886 407 1952 dedit,
422 1887 470 1944 sed
483 1905 540 1943 non
554 1885 688 1962 sanguine
703 1885 775 1943 sicca
788 1905 849 1945 suo.

202 1966 289 2022 Hunc
301 1963 378 2021 videt
391 1972 455 2021 ante
468 1983 549 2022 cavas
562 1964 717 2020 vibrantem
731 1963 839 2039 spicula
851 1972 941 2022 turres

242 2042 388 2110 Romulus,
404 2051 433 2099 et
444 2043 517 2099 votis
531 2048 648 2118 occupat
661 2049 725 2099 ante
739 2042 817 2099 ratis.

204 2128 223 2154 “
233 2120 355 2196 Jupiter,
370 2120 433 2178 boec
446 2119 530 2177 hodie
543 2119 595 2177 tibi
608 2118 721 2177 victima
734 2126 844 2178 corruet
859 2119 985 2178 Acron.''

241 2198 380 2256 Voverat:
403 2206 430 2255 et
445 2197 565 2274 spolium
578 2197 683 2255 corruit
696 2197 742 2254 ille
756 2196 831 2256 Jovi.

202 2275 290 2336 Urbis
303 2275 469 2353 virtutisque
482 2295 583 2352 parens
597 2275 636 2333 sic
649 2275 758 2333 vincere
772 2276 872 2342 suevit,

242 2354 299 2422 Qui
312 2354 377 2412 tulit
390 2354 485 2432 aprico
497 2352 598 2430 frigida
611 2361 702 2410 castra
715 2354 797 2411 Lare.

203 2432 284 2492 Idem
294 2451 378 2510 eques
392 2442 420 2490 et
432 2431 528 2501 frenis,
541 2432 615 2489 idem
629 2431 684 2488 fuit
696 2440 780 2508 optus
793 2431 901 2500 aratris,

241 2512 280 2570 Et
292 2512 371 2588 galea
382 2509 492 2568 hirsuta
504 2517 617 2586 compta
629 2509 725 2586 lupina
734 2509 814 2586 juba.

71 2585 76 2593 '
186 2590 189 2596 ’
204 2589 282 2648 Picta
295 2609 346 2647 nec
359 2589 474 2646 inducto
487 2587 612 2665 fulgebat
625 2607 722 2664 parma
735 2607 861 2666 pyropo:

130 2695 131 2698 ¹
243 2668 410 2726 Praebebant
424 2668 490 2725 caesi
502 2667 594 2724 baltea
606 2666 683 2723 lenta
696 2665 790 2724 boves.

138 2805 144 2818 ,
203 2745 332 2804 Necdum
346 2746 421 2802 ultra
433 2744 556 2802 Tiberim
568 2744 636 2801 belli
648 2763 733 2802 sonus
745 2765 753 2800 ε
773 2743 873 2802 ultima
885 2743 982 2822 praeda

242 2825 426 2891 Nomentum,
441 2831 470 2880 et
482 2830 572 2899 captae
582 2822 682 2899 jugera
695 2829 774 2879 terna
787 2822 876 2880 Corae.

204 2903 310 2962 Cossus
324 2909 353 2958 et
365 2901 523 2978 insequitur
535 2900 660 2958 Veientis
673 2899 749 2957 caede
762 2899 904 2970 Tolumni,

242 2981 361 3038 Vincere
374 2999 461 3057 quum
475 2979 559 3036 Veios
573 2996 653 3054 posse
666 2977 769 3035 laboris
783 2986 852 3037 erat.

204 3057 231 3117 Ο
245 3059 308 3116 Veii
321 3067 437 3123 veteres,
453 3065 481 3114 et
493 3075 543 3114 vos
557 3065 619 3114 tum
633 3075 718 3132 regna
729 3055 833 3126 fuistis,

243 3137 281 3194 Et
294 3143 386 3195 vestro
399 3135 492 3212 posita
504 3143 548 3193 est
560 3153 644 3192 aurea
657 3134 725 3192 sella
736 3133 808 3192 foro.

205 3215 290 3273 Nunc
302 3215 378 3274 intra
390 3231 485 3272 muros
498 3212 617 3289 pastoris
630 3211 748 3270 buccina
760 3212 829 3270 lenti

244 3291 356 3358 cantat,
371 3299 399 3350 et
411 3291 442 3350 in
454 3291 555 3350 vestris
568 3289 678 3348 ossibus
691 3309 756 3348 arva
768 3295 890 3348 metunt.

206 3370 290 3428 Forte
303 3389 387 3447 super
400 3377 489 3447 portae
503 3370 560 3446 dun
573 3370 662 3426 Veius
675 3366 784 3426 adstitit
798 3386 901 3434 arcem,

245 3448 478 3525 colloquiumque
492 3466 543 3504 sua
555 3446 645 3504 fretus
658 3446 693 3503 ab
706 3445 776 3504 urbe
789 3445 877 3503 dedit.

177 3552 180 3556 ·
206 3526 338 3600 Dumque
352 3525 422 3582 aries
435 3544 548 3582 murum
561 3543 648 3582 comu
660 3523 789 3601 pulsabat
802 3523 905 3590 aheno,

245 3602 390 3680 Vineaque
402 3601 550 3660 inductum
562 3601 647 3680 longa
660 3602 771 3678 tegebat
785 3620 865 3676 opus,
