2486 4172
175 174 213 226 40
544 185 632 225 anau
652 185 786 224 nanuum

215 320 289 376 Nam
303 338 386 394 grave
400 318 467 409 qnid
480 318 596 395 prodest
609 318 720 395 pondus
733 317 805 374 mihi
818 317 913 374 divitis
926 317 1008 376 auril

253 341 417 473 Arvaque
396 417 419 453 ει
433 396 583 454 findant
555 416 623 474 pm
607 397 672 454 auia
686 396 761 454 rnille
775 395 880 454 boves?

215 475 324 548 Quidve
338 475 439 532 domus
453 476 568 569 prodest
582 475 736 551 Phrygiis
729 474 825 532 annixa
838 475 985 542 columnis,

253 555 377 621 Taenare,
394 554 450 610 sive
464 555 529 621 tuis,
546 557 612 621 sive,
629 553 757 629 curvate,
772 554 837 622 tuis,

213 626 253 690 Et
266 651 379 689 nemora
391 632 421 688 in
434 632 564 690 domibus
578 651 670 688 sacros
683 617 822 689 imitantia
834 632 922 700 lucos,

252 709 422 787 Aurataeque
435 711 538 779 trabes,
553 729 797 800 marmoreumque
811 675 925 767 solumi

214 788 344 856 Quidve
336 808 366 845 m
380 789 530 866 Erythraeo
544 788 648 865 legitur
663 808 728 865 quae
741 789 823 846 litore
837 788 952 856 concha,

252 868 406 944 Tinctaque
421 867 535 926 Sidonio
549 867 653 924 murice
666 866 751 924 lana
740 876 829 942 Juvat,

213 946 252 1002 Et
265 965 329 1022 quae
343 954 478 1022 praeterea
491 945 615 1022 populus
630 943 771 1003 miraturi
793 947 827 1003 In
841 945 895 1002 illis

252 1024 361 1081 invidia
374 1033 434 1092 est;
455 1023 526 1082 falso
539 1024 661 1100 plurima
673 1024 774 1102 vulgus
788 1031 873 1081 amat.

214 1103 280 1159 Non
294 1105 395 1179 opibus
409 1112 517 1160 mentes
531 1102 678 1159 hominum
693 1121 823 1178 curaeque
837 1102 986 1170 levantur;

252 1180 328 1238 Nam
342 1183 467 1240 Fortuna
480 1201 530 1238 sua
543 1190 669 1256 tempora
682 1179 742 1257 lege
756 1180 837 1256 regit.

214 1259 257 1316 Sit
270 1259 341 1317 mihi
355 1267 505 1337 paupertas
519 1268 612 1317 tecum
623 1257 757 1334 jucunda,
772 1260 896 1326 Neaera3

252 1337 327 1394 At
305 1357 364 1396 sme
378 1346 406 1395 te
421 1356 519 1414 regum
532 1356 648 1394 munera
661 1337 739 1394 nulla
750 1335 823 1394 volo

213 1415 280 1473 0
253 1435 371 1484 mveam,
388 1436 451 1493 quoe
465 1424 493 1474 te
507 1415 611 1493 poterit
625 1415 697 1472 mihi
710 1414 833 1483 reddere,
848 1413 956 1472 lucem!

252 1494 278 1552 Ο
293 1494 362 1552 mihi
376 1494 484 1553 felicem
498 1502 594 1571 terque
608 1502 759 1571 quaterque
772 1493 862 1551 diem!

213 1573 287 1630 At
266 1592 298 1658 sa,
314 1593 365 1650 pro
378 1573 454 1630 dulci
467 1573 560 1630 reditu
573 1591 747 1650 quaecunque
760 1579 905 1638 voventur,

251 1616 358 1710 A'aidiat
368 1671 464 1709 aversa
477 1671 533 1708 non
547 1669 626 1708 meus
640 1670 706 1708 aure
721 1650 798 1717 deus,

215 1731 276 1786 Nec
289 1750 334 1788 me
348 1749 434 1807 regna
443 1729 552 1807 juvent,
566 1748 618 1786 nec
632 1729 739 1805 Lydius
752 1727 855 1785 aurifer
868 1727 968 1794 amnis,

253 1809 314 1866 Nec
328 1828 397 1886 quas
411 1816 548 1865 terrarum
562 1807 682 1864 sustinet
696 1806 771 1864 orbis
783 1825 861 1883 opes.

213 1885 283 1943 Haec
296 1887 342 1944 alii
355 1886 487 1963 cupiant;
509 1885 590 1942 liceat
603 1885 682 1952 mihi,
697 1904 819 1962 paupere
833 1884 919 1951 cultu,

252 1965 355 2022 Securo
368 1984 432 2022 cara
445 1963 562 2040 conjuge
575 1983 659 2040 posse
673 1964 738 2021 frui.

211 2042 298 2100 Adsis
312 2051 341 2100 et
354 2042 460 2100 timidis
473 2042 574 2107 faveas,
590 2042 729 2109 Saturnia,
745 2041 827 2110 votis,

251 2121 289 2178 Et
303 2121 405 2189 sareas,
421 2121 535 2188 concha,
552 2121 665 2197 Cypria,
681 2129 760 2178 vecta
773 2127 840 2188 tua;

211 2199 279 2266 Aut,
296 2199 320 2256 si
334 2199 404 2257 Fata
417 2207 521 2276 negant
533 2198 655 2256 reditum
670 2198 819 2275 tristesque
835 2199 956 2266 Sorores,

251 2277 377 2335 Stamina
390 2297 452 2354 quae
466 2277 581 2344 ducunt,
597 2296 713 2353 quaeque
726 2277 822 2334 sutura
835 2283 948 2342 canunt,

211 2357 262 2414 Me
274 2364 355 2414 vocet
368 2357 398 2413 in
410 2364 505 2414 vastos
518 2374 615 2413 amnes
629 2355 792 2432 nigramque
806 2354 937 2432 paludem

250 2434 336 2493 Dives
349 2435 379 2492 in
391 2435 492 2512 ignava
505 2432 613 2492 luridus
627 2435 718 2492 Orcus
731 2453 814 2511 aqua.

547 2661 696 2720 uiuam
720 2661 776 2720 ιιι.
806 2631 819 2742 ’ζ
919 2605 1042 2760 ”Jlsr
1067 2614 1125 2724 ι’,-

208 2813 266 2872 Vos
279 2819 365 2881 tenet,
381 2812 508 2872 Etruscis
520 2820 616 2871 manat
629 2832 693 2891 quae
707 2813 832 2871 sontibus
846 2811 930 2880 unda,

247 2891 332 2948 Unda
346 2892 397 2948 sub
411 2892 541 2949 aestivum
556 2911 612 2948 non
626 2891 754 2950 adeunda
768 2892 883 2958 Canem,

136 3020 140 3026 .
208 2971 293 3028 Nunc
306 2977 400 3026 autern
416 2970 501 3028 sacris
515 2969 648 3027 Baiarum
661 2971 784 3026 maxima
796 2969 928 3047 lymphis,

246 3047 341 3115 Quum
356 3068 386 3106 ae
400 3068 543 3125 purpureo
557 3067 620 3105 vere
634 3048 752 3106 remittit
765 3047 886 3105 humus:

208 3127 248 3183 At
262 3127 331 3183 mihi
347 3127 566 3218 Persephone
539 3146 647 3203 nigram
663 3127 811 3184 denuntiat
823 3126 942 3195 horam3
1136 3130 1154 3184 ὅ

247 3205 420 3262 Immerito
408 3206 505 3282 Juveni
519 3224 601 3282 parce
614 3224 723 3272 nocere,
737 3204 806 3263 deal

208 3283 274 3341 Non
287 3303 340 3360 ego
353 3285 459 3342 tentavi
471 3283 541 3341 nulli
554 3283 754 3343 temeranda
728 3302 851 3341 virorum

245 3361 347 3419 Audax
359 3362 508 3421 laudandae
522 3382 599 3420 sacra
612 3361 710 3420 docere
724 3363 798 3430 deam

207 3441 234 3494 N
236 3458 268 3497 ec
281 3459 344 3497 mea
359 3441 510 3499 mortiferis
523 3441 621 3498 infecit
633 3440 734 3517 pocula
747 3439 838 3498 succis

245 3517 376 3588 Dextera,
391 3539 443 3577 nec
456 3519 586 3594 cuiquam
600 3519 667 3576 trita
678 3538 785 3576 venena
797 3519 892 3589 dedit;
