2486 4172
495 189 651 229 casurus.
1026 172 1062 228 53

16 377 23 392 ,
111 327 237 403 Ipsaque
252 323 347 382 sidera
360 329 443 380 erunt
457 322 541 378 nullis
555 322 674 379 obscura
689 322 828 379 tenebris=
1025 325 1063 382 55

156 404 251 461 Purus
265 409 295 459 et
308 402 409 469 Orion,
424 420 512 477 purus
526 409 554 458 et
569 400 680 457 Hoedus
695 401 756 457 erit.

116 481 203 548 Quod
215 480 289 538 mihi
302 480 327 537 si
340 479 471 556 ponenda
485 487 534 536 tuo
548 479 584 535 sit
598 497 713 556 corpore
726 479 792 548 vita,

158 559 261 617 Exitus
273 559 323 616 hic
336 557 419 615 nobis
432 577 489 615 non
502 557 668 615 inhonestus
679 557 742 615 erit.

467 783 615 844 nanum
634 784 688 842 va
774 700 882 850 LV
948 713 1047 890 ipsi

120 937 210 996 Visus
224 956 309 1005 eram,
324 937 402 994 molli
415 937 551 994 recubans
564 933 710 995 Heliconis
722 936 752 994 in
765 937 874 1006 umbra,

164 1015 394 1091 Bellerophontei
406 1035 461 1092 qua
473 1015 536 1072 fluit
549 1015 652 1072 humor
665 1015 737 1092 equi,

124 1095 229 1170 Reges,
244 1093 326 1162 Alba,
341 1102 414 1162 tuus,
429 1101 457 1151 et
470 1113 568 1170 regum
581 1093 655 1150 sacta
667 1100 790 1161 tuorum,

165 1173 291 1230 Tantum
304 1171 405 1248 operis,
420 1171 512 1228 nervis
525 1171 632 1228 hiscere
645 1189 728 1247 posse
741 1172 830 1229 meis:

126 1251 273 1324 Parvaque
287 1256 345 1306 tam
358 1249 467 1326 magnis
481 1249 624 1307 admoram
638 1249 763 1306 fontibus
777 1269 833 1316 ors,

168 1328 253 1385 Unde
266 1335 346 1403 pater
361 1327 457 1384 sitiens
470 1327 578 1384 Ennius
591 1334 656 1384 ante
669 1327 749 1397 bibit,

127 1407 168 1464 Et
181 1405 269 1464 cecini
283 1405 383 1463 Curios
395 1405 506 1472 fratres,
521 1413 549 1462 et
563 1405 683 1462 Horatia
695 1405 761 1481 pile,

127 1542 139 1552 ,
170 1483 313 1560 Regiaque
326 1483 440 1540 AEmilia
451 1491 532 1540 vecta
543 1491 650 1559 tropaea
661 1490 730 1552 rate,

128 1561 325 1638 victricesque
337 1580 431 1618 moras
445 1561 533 1630 Fabii,
548 1580 727 1638 pugnamque
741 1562 882 1620 sinistram

170 1639 357 1707 Cannensem,
372 1646 400 1696 et
413 1659 508 1696 versos
522 1639 557 1696 ad
570 1639 618 1715 pia
628 1647 694 1696 vota
707 1639 783 1708 deos,

130 1718 377 1794 Hannibalemque
390 1717 476 1774 Lares
490 1717 619 1774 Rcmnna
632 1717 697 1774 sede
710 1718 852 1794 fugantes,

174 1795 291 1854 Anseris
305 1804 333 1852 et
347 1803 441 1852 tutum
455 1813 522 1852 voce
536 1795 622 1852 fuisse
636 1794 754 1853 Jovem=

133 1875 231 1942 Quum
244 1893 290 1930 me
304 1873 427 1931 Castalia
440 1872 586 1949 speculans
599 1890 635 1930 ex
648 1873 746 1932 arbore
760 1874 886 1932 Pbcebus

175 1952 220 2009 Sic
233 1952 281 2020 ait,
297 1958 394 2008 aurata
406 1951 490 2008 nixus
504 1951 540 2007 ed
552 1958 633 2008 antra
645 1949 707 2028 lyra
718 1974 726 2008 r
874 1995 880 2009 .

136 2037 156 2064 “
166 2029 243 2096 Quid
256 2029 308 2086 tibi
321 2049 385 2086 cum
399 2028 457 2097 tali,
473 2028 596 2094 demens,
611 2036 655 2086 est
668 2027 806 2088 fluminet
827 2029 889 2107 quis
902 2036 932 2088 te

176 2107 314 2166 Carminis
327 2106 407 2164 heroi
420 2114 535 2183 tangere
544 2106 629 2184 jussit
642 2105 736 2184 opus?

135 2187 204 2244 Non
216 2185 284 2242 hinc
296 2184 354 2241 ulla
367 2184 419 2240 tibi
432 2185 569 2260 speranda
580 2192 624 2242 est
636 2185 719 2254 fama,
735 2185 882 2264 Properti:

178 2263 278 2320 Mollia
293 2270 359 2319 sunt
372 2263 465 2338 parvis
478 2270 561 2338 prata
572 2263 687 2320 terenda
699 2263 778 2330 rutis,

138 2343 180 2399 Ut
193 2349 260 2398 tuus
273 2341 303 2397 in
317 2359 431 2397 scamno
441 2339 563 2416 jactetur
577 2359 651 2418 saepe
662 2340 781 2409 libellus,

177 2418 270 2485 Quem
283 2419 358 2494 legat
371 2426 535 2494 exspectans
549 2418 608 2476 scla
619 2419 712 2496 puella
724 2419 825 2477 virum.

141 2497 199 2555 Cur
212 2504 262 2553 tua
274 2496 452 2572 praescriptos
466 2504 561 2554 evecta
574 2505 617 2554 est
630 2497 732 2574 pagina
745 2495 850 2574 gquosl

179 2576 247 2631 Non
260 2581 303 2632 est
315 2574 421 2650 ingenii
435 2575 537 2652 cymba
550 2575 694 2650 meranda
706 2576 762 2633 tui.

141 2652 223 2710 Alter
236 2671 329 2709 remus
343 2671 439 2728 aquas,
454 2653 524 2710 alter
535 2653 589 2709 tibi
601 2653 681 2710 radat
694 2671 800 2721 arenas,

142 2731 233 2788 'I'utus
248 2730 318 2788 eris:
340 2729 433 2786 medio
446 2730 568 2787 maxima
581 2731 664 2788 turba
676 2731 747 2788 mari
760 2731 835 2788 est.''

144 2809 270 2875 Dixerat,
286 2815 314 2864 et
327 2808 435 2884 plectro
449 2808 543 2865 sedem
556 2808 628 2866 mihi
640 2817 778 2867 monstrat
792 2810 907 2878 ebume,

183 2885 248 2952 Qua
260 2905 332 2942 nova
344 2905 475 2943 muscoso
489 2886 589 2943 semita
601 2886 675 2944 sacta
690 2887 749 2945 solu
762 2895 816 2945 est.

145 2962 202 3022 Hic
218 2970 277 3022 erat
290 2963 390 3021 adfixis
403 2963 500 3021 viridis
514 2964 647 3040 spelunca
658 2963 772 3042 lapillis,

184 3041 403 3117 Pendebantque
417 3043 491 3099 cavis
504 3050 639 3119 tympana
652 3043 823 3119 pumicibus.

147 3119 222 3196 Ergo
236 3119 385 3176 Musarum
400 3127 428 3177 et
442 3119 529 3177 Sileni
541 3121 629 3197 patris
643 3121 737 3197 imago

186 3197 303 3265 Fictilis,
317 3204 345 3255 et
360 3197 467 3266 calami,
483 3198 543 3255 Pan
555 3199 680 3275 Tegeaee,
696 3199 747 3266 tui,

149 3274 186 3332 Et
198 3274 317 3333 Veneris
331 3275 453 3334 dominae
466 3276 601 3344 volucres,
616 3295 679 3333 mea
692 3277 784 3343 turba,
799 3274 936 3333 columbae

186 3353 314 3430 'lingunt
327 3353 476 3430 Gorgoneo
490 3354 593 3432 punica
604 3361 696 3411 rostra
707 3353 780 3422 lacu,

151 3431 331 3508 Diversaeque
345 3451 444 3488 novem
460 3431 566 3489 sortitae
579 3451 645 3489 rura
658 3431 761 3508 puellae

188 3511 329 3568 Exercent
342 3516 452 3568 teneras
464 3511 495 3568 in
509 3529 560 3567 sua
572 3509 646 3568 duna
657 3529 768 3568 manus.
