2486 4172
518 205 678 246 essuries.
1053 191 1090 248 ts

141 343 244 400 Pastor
256 360 301 398 me
316 339 353 398 sd
365 339 498 398 baculum
510 359 624 416 possum
638 357 761 408 curvare,
773 338 817 398 vel
829 339 905 398 idern

183 419 329 496 Sirpiculis
343 419 436 476 medio
450 418 563 494 pulvere
576 418 648 475 ferre
661 437 765 477 rosum.
1050 421 1091 478 40

140 499 219 557 Nom
233 498 302 574 quid
311 516 368 574 ego
382 497 520 574 adjiciam,
533 496 568 553 de
582 515 638 573 quo
650 497 722 554 mihi
735 496 858 554 msxims
870 496 945 556 fsms
958 505 1011 567 est,

182 578 340 635 Hortorum
353 575 383 632 in
396 575 525 632 munibus
536 575 609 632 dous
621 575 739 651 probata
750 573 841 632 meis?

143 656 292 714 Coeruleus
305 654 440 720 cucumis,
456 653 619 730 tumidoque
632 655 778 710 cucurbita
787 661 884 711 ventre

184 734 234 791 Me
246 739 336 796 notat,
351 741 379 789 et
389 732 477 809 junco
490 732 610 789 brassica
623 731 716 788 vincta
729 732 791 789 leri.

142 813 206 870 Nec
218 812 272 868 flos
285 811 361 866 ullus
374 810 435 866 hist
449 813 544 886 protis¹
561 811 628 884 quiu
641 810 688 867 ille
702 810 831 868 decenter
1050 813 1088 866 45

183 889 340 965 Impositus
353 888 440 946 fronti
453 888 583 964 languent
596 896 660 945 sote
673 907 752 946 mess.

142 969 184 1026 At
198 968 278 1034 mihi,
294 966 369 1042 quod
382 967 487 1024 formas
501 985 573 1024 unus
586 967 714 1024 vertebar
725 967 755 1024 in
768 985 874 1035 omnes,

184 1047 297 1104 Nomen
311 1046 346 1102 sb
357 1053 458 1102 eventu
471 1046 564 1121 patris
575 1045 672 1121 lingua
685 1044 772 1104 dedit.

143 1127 183 1182 Et
197 1133 237 1192 tu,
254 1125 353 1190 Romu,
368 1122 439 1180 meis
453 1123 577 1180 tribuisti
591 1124 707 1199 proemia
720 1123 837 1191 Tusois;

185 1202 283 1273 (Unde
297 1201 380 1259 hodie
393 1201 470 1258 vicus
483 1203 596 1258 nomina
609 1203 718 1259 Tuscus
732 1202 830 1275 habet)

144 1283 284 1357 Tempore
299 1299 355 1357 quo
368 1280 450 1336 sociis
464 1280 540 1337 venit
553 1280 741 1356 Lycomedius
755 1282 849 1346 urinis,

183 1359 279 1436 Atque
294 1358 397 1415 Subins
408 1358 461 1414 feri
474 1359 602 1415 contudit
615 1377 692 1415 srms
704 1358 779 1416 Tuti.

144 1439 213 1495 Vidi
226 1456 278 1514 ego
292 1437 417 1493 lubentes
431 1437 512 1504 scies,
527 1445 555 1494 et
569 1437 625 1493 tels
638 1437 751 1504 caduco,

184 1515 280 1592 Atque
293 1514 388 1572 hostes
401 1514 478 1592 turpi
491 1523 571 1591 tergo
584 1515 693 1572 dedisse
705 1515 789 1590 fuges.

145 1594 202 1652 Sed
215 1594 309 1660 focius,
324 1592 420 1649 divdm
436 1602 520 1660 sator,
535 1601 567 1650 ut
582 1593 709 1650 Romans
722 1612 772 1669 per
785 1611 878 1650 sevum
1053 1595 1089 1648 55

184 1673 321 1730 Transeat
334 1685 398 1728 ante
411 1690 489 1728 meos
503 1673 586 1728 turbs
599 1680 695 1748 togato
707 1672 803 1748 pedes.

111 1821 115 1827 ι
146 1751 202 1810 Sex
215 1757 348 1826 superant
360 1768 466 1807 versus.
507 1749 556 1818 Te,
572 1751 620 1826 qui
633 1750 670 1807 ad
682 1749 839 1806 vadimonis
852 1749 949 1816 ourn‘s,

185 1828 253 1885 Non
267 1847 378 1886 moror:
401 1828 462 1885 haec
476 1828 573 1904 spatiis
587 1829 686 1884 ultimo
699 1836 774 1885 mets
787 1828 867 1886 meis.

147 1907 259 1964 Snrcns
273 1924 422 1964 sonorius
436 1925 536 1974 nurus,
553 1925 761 1964 rsorsrssnnr
777 1924 878 1964 nuncu
897 1923 1051 1972 noturus,

187 1986 278 2042 Auen
293 1984 422 2042 Nuusu
438 2003 544 2042 nuiss
558 2003 686 2042 cruens
702 2003 739 2042 ru
754 2003 842 2042 ouon
859 2001 952 2042 nnus.
1055 1985 1093 2040 60

147 2065 194 2120 Ar
207 2083 286 2130 rrsr,
301 2064 454 2130 Missum,
471 2081 590 2121 neuun
605 2081 759 2121 cnnsron
772 2081 901 2130 susus,

186 2143 314 2199 Tnnnus
328 2159 497 2199 Auruncus
511 2161 555 2198 nn
569 2161 673 2200 ‘rnnsr
686 2143 770 2200 Osos
784 2161 904 2209 nunus

148 2220 212 2288 Qui
228 2240 275 2277 uu
289 2238 355 2277 rsus
371 2237 836 2278 noc1unsuoru1sr1sunnsun
853 2239 888 2276 nu
904 2234 993 2277 usos.

188 2299 290 2356 Unuu
306 2317 386 2356 ocos
401 2315 465 2366 ssr,
481 2317 580 2356 osuin
597 2317 666 2356 uon
682 2319 790 2357 ossus
805 2316 891 2357 unus
906 2315 1023 2356 nonos.

112 2511 256 2647 W
491 2573 641 2632 niseus
661 2574 718 2633 ix.

148 2750 297 2828 Tarpeium
312 2770 421 2818 nemus,
436 2757 465 2808 et
477 2751 605 2828 Tarpeios
619 2758 702 2826 turpe
716 2751 874 2828 sepulcrum

190 2832 282 2889 Fsbor
295 2838 323 2887 et
337 2830 445 2906 antiqui
459 2829 556 2886 lirnius
569 2839 651 2905 captu
663 2829 752 2888 Jovis.

150 2910 246 2967 Lucus
260 2917 319 2966 erat
331 2908 407 2974 felix,
422 2908 559 2964 hederoso
573 2907 702 2966 conditus
716 2915 806 2977 antro,

190 2987 340 3063 Multaque
354 2987 456 3042 nativis
471 2986 609 3062 obstrepit
622 2987 704 3043 arbor
717 2987 815 3062 squis;

152 3065 258 3123 Silvani
270 3083 380 3121 rumoso
393 3065 502 3131 domus,
518 3082 573 3140 quo
588 3063 677 3122 dulcis
691 3065 726 3122 sb
740 3075 811 3122 aestu

192 3143 301 3200 Fistula
314 3151 429 3218 poturos
440 3143 480 3198 ire
490 3141 608 3218 jubebat
621 3161 695 3198 oves.

153 3222 241 3279 Hune
254 3221 354 3277 Tatius
368 3220 475 3277 fontem
488 3220 561 3277 vallo
575 3221 723 3296 praecingit
736 3239 844 3288 ooerno,

193 3299 317 3375 Fidaque
332 3307 465 3374 suggests
478 3305 569 3355 eastre
582 3308 698 3355 coronat
711 3299 808 3355 humo.

154 3377 231 3445 Quid
246 3385 306 3434 tum
321 3378 413 3434 Romu
426 3377 488 3443 risit,
504 3377 618 3433 tubicen
632 3377 722 3433 vicins
736 3375 848 3434 Curetis

195 3454 291 3521 Quum
306 3462 433 3531 quateret
446 3455 522 3511 lento
536 3473 680 3511 murmure
694 3473 760 3511 sans
774 3453 862 3521 Jovis,
1070 3453 1104 3508 10

154 3533 250 3608 Atque
263 3533 313 3589 ubi
326 3553 401 3590 nuuc
416 3533 498 3590 terris
512 3532 643 3589 dicuntur
653 3531 719 3608 jura
731 3531 866 3601 subactis,

114 3641 116 3646 .
196 3610 315 3668 Stabunt
331 3611 460 3668 Romano
474 3611 532 3688 pilo
546 3609 649 3667 Sabinu
663 3609 759 3669 Forot
