2534 4172
542 153 702 194 CARMINA·

91 393 371 532 -qoaalt

146 681 150 684 ·
168 665 245 733 Quid
259 661 338 732 mihi,
353 662 439 720 Livor
452 663 530 730 edax,
545 665 660 739 ignavos
675 661 772 740 objicis
785 682 891 732 annos;

208 742 374 818 Ingeniique
387 760 468 798 vocas
482 761 592 798 carmen
606 740 704 821 inertis
718 739 810 817 opus?

168 821 237 878 Non
250 839 296 876 me
309 838 386 876 more
400 827 521 896 patrum,
537 818 604 875 dum
619 827 733 876 strenua
746 820 866 876 sustinet
879 825 957 888 aetas,

209 897 330 955 Praemia
342 897 452 954 militiae
465 897 658 973 pulverulenta
671 897 766 973 sequi:

168 976 231 1033 Nec
243 994 289 1032 me
303 975 434 1031 verbosas
446 975 522 1050 leges
535 975 675 1031 ediscere:
696 993 748 1031 nec
761 991 807 1031 me

209 1054 325 1128 ingrato
338 1071 433 1110 vocem
447 1053 622 1128 prostituisse
635 1051 706 1109 foro.

167 1130 292 1188 Mortale
306 1138 357 1197 est,
372 1130 447 1206 quod
461 1132 563 1206 quaeris
577 1148 664 1205 opus:
686 1129 756 1187 mihi
769 1129 844 1188 fama
856 1129 986 1206 perennis

209 1207 351 1274 Quaeritur
363 1209 370 1275 ;'
391 1209 421 1264 in
435 1217 494 1264 toto
506 1227 615 1283 semper
628 1215 660 1266 ut
672 1207 740 1264 orbe
754 1227 846 1265 canor.

167 1285 252 1343 Vivet
266 1285 431 1352 Maeonides,
447 1287 574 1344 Tenedos
589 1285 655 1341 dum
670 1286 755 1342 stabit
769 1293 797 1342 et
812 1285 881 1344 lde:

208 1364 284 1420 Dum
299 1364 411 1439 rapidas
425 1363 527 1420 Simois
540 1365 570 1421 in
583 1382 659 1420 mare
672 1364 764 1420 volvet
778 1383 874 1439 aquas.

167 1440 252 1498 Vivet
265 1449 293 1498 et
307 1441 446 1508 Ascraeus,
461 1443 528 1498 dum
542 1440 644 1498 mustis
658 1460 712 1497 uva
725 1442 863 1509 tumebit3

208 1519 285 1574 Dum
300 1518 380 1576 cadet
392 1519 506 1576 incurva
518 1519 588 1576 falce
600 1527 708 1576 resecta
721 1518 814 1577 Ceres.

167 1596 314 1653 Battiades
328 1615 437 1672 semper
451 1605 511 1654 toto
525 1597 682 1654 cantabitur
695 1597 779 1664 orbe;

209 1673 345 1743 Quamvis
358 1673 470 1750 ingenio
483 1693 540 1734 nou
553 1673 634 1741 valet,
650 1683 709 1735 arte
722 1674 805 1732 valet.

167 1751 258 1808 Nulla
272 1752 427 1827 Sophocleo
440 1753 532 1810 veniet
542 1751 653 1829 jactura
665 1753 812 1809 cethuma.

209 1829 281 1887 Cum
297 1828 360 1886 Sole
373 1838 402 1887 ct
415 1829 496 1886 Luna
510 1829 619 1906 semper
632 1831 737 1888 Aratus
751 1829 814 1886 erit.

493 513 537 570 IN
558 513 753 574 LIVOREM.

65 1915 67 1918 '
168 1907 246 1964 Dum
260 1906 344 1963 fallax
358 1927 462 1975 servus,
476 1907 563 1964 durus
577 1916 665 1984 pater,
678 1908 806 1985 improba
819 1907 881 1966 leuc

208 1985 321 2052 Vivent,
335 1983 404 2042 dum
417 1986 548 2042 meretrix
562 1986 671 2054 blanda,
687 1985 859 2043 Menandros
872 1985 934 2044 erit.

168 2061 279 2120 Ennius
292 2070 351 2120 arte
364 2081 467 2130 carens,
483 2063 652 2140 animosique
665 2063 769 2121 Accius
783 2063 847 2132 oris,

209 2139 349 2198 Casurum
361 2141 439 2197 nullo
453 2148 578 2217 tempore
591 2161 693 2198 nomen
706 2141 822 2198 habent.
886 2215 888 2219 Ι

168 2216 322 2274 Varronem
336 2219 510 2294 primamque
522 2227 610 2276 ratem
624 2239 686 2296 quae
699 2220 806 2278 nesciat
819 2226 895 2288 aetas,

208 2296 357 2372 Aureaque
370 2297 486 2354 AEsonio
500 2305 579 2373 terga
592 2299 679 2372 petita
692 2295 782 2358 duce?

170 2373 303 2430 Carmina
316 2373 442 2430 sublimis
456 2383 524 2431 tunc
537 2383 604 2431 sunt
617 2377 740 2451 peritura
755 2375 868 2433 Lucreti

208 2451 304 2508 Exitio
317 2459 405 2508 terras
419 2471 482 2508 cum
497 2452 574 2509 dabit
587 2471 644 2510 una
657 2453 726 2510 dies.

169 2531 295 2606 Tityrus,
310 2537 338 2586 et
351 2529 455 2604 fruges,
469 2530 623 2607 AEne'r'aque
637 2550 714 2588 arma
726 2530 862 2606 legentur,

209 2609 308 2674 Roma,
323 2607 491 2684 triumphati
504 2608 571 2665 dum
585 2619 670 2684 caput
684 2609 759 2665 orbis
773 2608 837 2665 eris.

170 2684 268 2742 Donec
280 2693 361 2742 erunt
373 2685 453 2760 ignes
466 2705 601 2762 arcusque
615 2686 761 2762 Cupidinis
775 2703 852 2748 arma

209 2763 359 2819 Discentur
372 2763 489 2830 numeri,
504 2764 578 2820 culte
591 2765 709 2830 Tibulle,
723 2764 776 2820 tui.

171 2840 270 2898 Gallus
285 2849 312 2896 et
327 2840 474 2917 Hesperiis
488 2851 516 2898 et
531 2841 629 2899 Gallus
642 2850 726 2898 notus
741 2842 817 2910 Eois,

209 2918 248 2974 Et
261 2936 312 2974 sua
326 2937 389 2975 cum
405 2917 486 2976 Gallo
499 2929 567 2976 nota
580 2919 696 2995 Lycoris
709 2921 772 2976 erit.

170 2995 246 3070 Ergo
260 3015 323 3051 cum
339 2996 438 3062 silices,
454 3015 516 3053 cum
533 2997 600 3054 dens
614 2997 746 3072 patientis
760 2987 844 3055 aralri

210 3073 368 3148 Depereant
382 3092 450 3142 aevo,
465 3075 588 3136 earmina
601 3083 690 3131 morte
703 3084 808 3132 carent.

171 3150 280 3208 Cedant
294 3151 464 3208 carminibus
476 3171 565 3228 reges,
580 3171 732 3228 regumque
746 3151 899 3228 triumphis

211 3227 299 3284 Cedat
313 3237 341 3286 et
354 3228 467 3286 auriferi
481 3230 541 3306 ripa
554 3231 636 3287 beata
648 3230 728 3306 Tagi.

171 3305 245 3362 Vilia
258 3306 375 3363 miretur
388 3305 488 3383 vulgus
501 3332 508 3374 ς
530 3308 600 3364 mihi
612 3308 701 3364 flavus
714 3306 817 3382 Apollo

212 3383 315 3440 Pocula
327 3385 450 3442 castaliae
464 3386 546 3460 plena
558 3385 699 3442 ministret
712 3403 800 3460 aquae,
838 3411 840 3416 ·

173 3459 385 3538 Sustineamque
398 3482 478 3520 coma
490 3470 660 3520 metuentem
673 3462 777 3538 frigora
789 3468 932 3540 myrtum:

210 3538 304 3616 Atque
318 3558 334 3597 a
348 3539 467 3598 sollicito
480 3540 588 3597 multus
601 3548 712 3599 amante
725 3540 811 3617 legar.
