2534 4172
183 174 219 235 78
518 191 546 231 r.
569 191 676 232 ovrnri
697 157 831 233 ssscurs

220 322 353 383 Crudeles
366 321 466 392 somni,
481 324 550 401 quid
564 344 608 382 me
621 326 751 383 tenuistis
765 324 904 384 inertem?

258 403 300 460 At
313 402 398 460 semel
411 411 516 460 oetema
529 411 610 460 nocte
622 403 775 480 premenda
786 405 838 462 fui.

218 481 277 539 Vos
291 499 409 557 quoque,
422 480 549 538 crudeles
561 482 637 538 venti
650 482 822 558 nimiumque
836 481 945 559 parati3

258 558 438 635 Flaminaque
451 559 480 615 in
493 559 621 616 lacrimas
635 560 757 617 officiosa
770 579 857 618 meas.

218 637 342 695 Dextera
355 636 484 705 crudelis,
499 656 563 712 quae
576 657 622 694 me
634 637 804 713 fratremque
818 638 942 696 necavit:

256 716 294 772 Et
308 716 373 772 data
386 715 521 792 poscenti,
537 734 639 772 nornen
652 716 743 783 inane,
758 715 837 773 fides.

217 794 253 852 In
266 813 311 851 me
321 793 451 870 jurarunt
465 811 588 860 somnus,
604 801 757 870 ventusque
771 793 914 872 fidesque:

257 871 372 930 Prodita
385 891 446 928 sum
461 870 553 928 causis
566 890 622 927 una
635 871 728 947 puella
741 871 840 929 tribus.

216 951 292 1026 Ergo
305 969 357 1026 ego
370 968 421 1007 nec
433 949 561 1006 lacrimas
575 949 672 1006 matris
686 949 820 1006 moritura
832 949 949 1008 ridebo:

255 1028 325 1095 Nec,
341 1046 402 1084 mea
415 1026 465 1104 qui
477 1026 571 1102 digitis
585 1026 691 1084 lumina
704 1028 815 1093 condat,
829 1026 903 1086 erit?
1108 1035 1164 1088 120

216 1105 337 1182 Spiritus
350 1105 447 1162 infelix
461 1105 619 1181 peregrinas
632 1105 685 1163 ibit
697 1105 727 1162 in
740 1125 831 1174 auras,

254 1184 316 1240 Nec
329 1183 436 1259 positos
449 1191 526 1241 artus
540 1191 646 1258 unguet
659 1184 748 1240 amica
760 1182 880 1242 manuel

215 1261 288 1319 Ossa
301 1261 501 1337 superstabunt
514 1261 640 1318 volucres
653 1261 801 1319 inhumata
813 1259 949 1320 marinae?

254 1341 325 1396 Haec
339 1346 405 1396 sunt
419 1339 517 1396 officiis
530 1337 616 1414 digna
629 1339 756 1416 sepulcra
769 1338 859 1397 meisl

215 1416 274 1475 Ibis
288 1417 438 1492 Cecropios
450 1426 558 1493 portus,
570 1417 714 1493 patriaque
727 1425 866 1494 receptus

253 1495 326 1553 Cum
341 1495 450 1552 steteris
465 1495 540 1552 urbis
554 1495 644 1552 celsus
657 1495 688 1551 in
702 1513 764 1552 arce
777 1504 843 1564 tuae,

213 1573 251 1631 Et
264 1573 334 1630 bene
347 1573 468 1631 narraris
481 1573 569 1630 letum
583 1573 711 1650 taurique
723 1573 840 1650 virique,

253 1651 388 1728 Sectaque
400 1670 451 1728 per
464 1650 564 1708 dubias
577 1669 660 1707 saxea
673 1659 748 1708 tecta
761 1651 837 1719 vias;

213 1729 263 1786 Me
277 1748 386 1805 quoque
399 1736 512 1786 narrato
525 1729 584 1786 sola
598 1729 696 1785 tellure
710 1728 854 1786 relictam:

252 1807 318 1864 Non
331 1826 383 1885 egc
397 1826 460 1863 sum
474 1806 564 1866 titulis
578 1805 758 1882 subripienda
772 1807 839 1864 tuis.
1105 1813 1161 1866 130

212 1885 274 1942 Nee
287 1893 367 1960 pater
380 1892 423 1942 est
436 1885 561 1959 AEgeus:
582 1903 633 1942 nec
646 1894 678 1940 tu
692 1883 849 1942 Pittheidos
862 1883 973 1942 AEthrae

251 1963 357 2020 Filius:
378 1972 504 2020 auctores
518 1981 584 2020 saxa
595 1963 754 2038 fretumque
767 1963 819 2018 tui.

211 2041 259 2098 Dii
271 2041 402 2109 facerent,
417 2048 449 2097 ut
463 2059 508 2098 me
522 2060 633 2098 summa
646 2040 680 2097 de
693 2059 763 2117 rupe
776 2039 900 2099 videres!

250 2118 389 2176 Movisset
402 2117 497 2175 vultus
511 2127 611 2176 moesta
624 2120 714 2194 figura
726 2127 803 2176 tuos.

211 2197 296 2255 Nunc
309 2215 419 2273 qnoque
431 2215 488 2253 non
501 2197 598 2262 oculis,
613 2197 671 2264 sed,
686 2215 742 2273 qua
753 2203 843 2272 potes,
858 2195 949 2272 aspice
963 2203 1059 2256 mente
1104 2203 1158 2256 135
1252 2245 1253 2250 ,

249 2274 413 2333 Haerentem
427 2275 550 2350 scopulo,
565 2293 648 2352 quem
663 2293 733 2350 vaga
746 2274 840 2350 pulsat
852 2293 933 2350 aqua.
1252 2279 1253 2296 ¹

209 2352 314 2428 Aspice
327 2351 463 2410 demissos
476 2353 597 2430 lugentis
610 2353 640 2409 in
653 2371 700 2410 cre
713 2352 828 2428 capillos
839 2376 847 2420 3

249 2430 287 2487 Et
300 2430 410 2488 tunicas
423 2429 554 2500 lacrimis,
569 2432 642 2488 sicut
655 2431 690 2488 ab
703 2431 801 2498 imbre,
816 2448 923 2506 graves.

211 2507 329 2584 Corpus,
344 2515 377 2564 ut
389 2508 520 2584 impulsae
534 2518 642 2585 segetes
656 2507 852 2584 Aquilonibus,
867 2508 981 2566 horret:

249 2587 399 2663 litemque
411 2585 528 2644 articulo
542 2607 637 2664 pressa
651 2593 786 2643 tremente
799 2586 886 2644 labat.
1101 2592 1158 2645 140

210 2663 277 2721 Non
291 2671 319 2720 te
332 2683 383 2739 per
395 2663 536 2732 meritum,
551 2665 682 2742 quoniam
696 2664 769 2721 mala
782 2663 873 2732 cessit,
888 2663 990 2722 adoro:

249 2742 353 2798 Debita
366 2741 403 2798 sit
417 2741 491 2799 facto
505 2743 595 2818 gratia
608 2743 684 2799 nulla
697 2761 769 2800 meo.

210 2818 265 2877 Sed
279 2838 330 2877 nec
344 2839 429 2896 poena
442 2820 554 2896 quidem
566 2843 573 2878 ε
595 2821 618 2877 si
631 2840 689 2878 non
703 2839 754 2895 ego
768 2839 851 2877 causa
864 2819 971 2887 salutis,

249 2897 316 2955 Non
329 2905 423 2954 tamen
436 2906 488 2966 est,
503 2917 553 2956 cur
566 2899 604 2956 sis
618 2908 650 2955 tu
664 2898 734 2954 mihi
746 2917 830 2954 causa
843 2899 929 2954 necis.

210 2975 272 3033 Has
286 2975 346 3043 tibi,
361 2975 520 3052 plangendo
532 2976 662 3052 lugubria
675 2983 788 3052 pectora
801 2975 897 3043 lassas,
1101 2979 1156 3034 145

249 3052 352 3110 Infelix
365 3053 450 3112 tendo
463 3060 540 3111 trans
554 3054 625 3112 freta
638 3054 723 3130 longa
736 3073 845 3112 manus.

209 3129 272 3189 Hos
285 3131 346 3198 tibi,
361 3131 410 3208 qui
423 3140 566 3207 superant,
581 3134 698 3190 ostendo
712 3140 813 3189 moesta
826 3130 954 3207 capillos:

248 3208 302 3266 Per
314 3209 442 3267 lacrimas
456 3229 513 3278 oro,
528 3229 597 3286 quus
611 3218 661 3266 tua
673 3209 747 3268 facta
760 3217 891 3267 movente

209 3285 303 3345 Flecte
317 3293 414 3355 ratem,
429 3286 558 3345 Theseu:
580 3306 714 3363 versoque
727 3287 849 3345 relabere
862 3286 941 3344 velo:

249 3364 278 3422 Si
291 3365 370 3442 prius
384 3364 519 3435 occidere,
534 3373 567 3424 tu
580 3374 675 3425 tamen
688 3383 752 3424 ossa
764 3365 872 3443 leges.''
