2534 4172
159 98 211 155 108
489 111 518 150 r.
540 109 649 150 ovrnrr
672 109 810 151 nasonis

193 254 212 282 ‘⁴
224 245 320 305 Multa
332 244 445 322 quidem
459 244 564 303 didici:
586 243 635 302 sed
649 264 699 302 cur
712 233 817 302 navalis
830 243 859 302 in
875 264 930 310 aere

231 325 330 382 Altera
343 324 454 401 signata
465 330 518 392 est,
533 323 621 381 altera
633 323 726 381 forma
738 323 832 401 biceps
842 321 876 382 i’'
1093 328 1151 384 140

192 411 213 437 ‘⁴
221 402 346 461 Noscere
359 421 405 460 me
419 400 525 478 duplici
538 421 635 479 posses
648 403 678 459 in
691 401 844 480 imagine,'’
860 401 940 472 dixit,

231 489 250 515 ‘¹
264 479 304 538 Ni
317 487 397 539 vetus
410 479 473 558 ipse
486 480 546 538 dics
560 487 725 538 extenuaret
737 499 818 556 opus,

191 559 286 620 Causa
299 558 373 618 ratis
381 566 530 636 superest:
551 559 677 616 'luscum
691 566 750 616 rate
765 558 840 616 venit
853 557 883 616 in
896 578 1008 618 amnem

230 639 307 698 Ante
320 645 463 716 pererrato
476 636 584 696 falcifer
597 637 664 696 orbe
679 636 759 695 deus.

191 717 256 777 Hac
269 737 321 796 ego
335 715 489 774 Saturnum
502 716 619 774 memini
631 715 731 773 tellure
744 722 908 793 receptum

230 795 381 856 Caelitibus
393 794 487 872 regnis
499 795 535 851 ab
549 794 620 853 Jove
633 793 732 872 pulsus
745 802 814 852 erat.

192 875 264 933 Inde
279 873 328 932 diu
341 873 420 952 genti
433 872 537 930 mansit
551 872 683 931 Saturnia
695 890 816 930 nomena

232 953 317 1027 Dicta
328 971 440 1030 quoque
454 959 498 1010 est
511 951 624 1010 Latium
638 959 721 1020 terra,
736 951 842 1009 latente
855 951 918 1010 deo.

192 1030 233 1089 At
246 1031 320 1089 bona
332 1030 482 1107 posteritas
496 1030 615 1108 puppim
629 1028 748 1087 servavit
760 1029 788 1086 in
804 1047 869 1095 tere,

232 1109 364 1186 Hospitis
377 1108 528 1166 adventum
542 1108 690 1166 testificata
703 1107 758 1165 dei.

192 1188 260 1264 Ipse
273 1186 365 1244 solum
378 1186 462 1256 colui,
477 1186 556 1265 cujus
569 1185 761 1264 placidissima
773 1184 875 1244 laevum

232 1263 320 1324 Radit
332 1264 442 1324 arenosi
454 1265 578 1324 'libridis
592 1266 667 1322 unda
679 1264 764 1322 latus.

194 1343 261 1408 Hic,
275 1343 324 1401 ubi
338 1362 414 1400 nunc
428 1343 585 1412 Romaest,
599 1343 729 1402 incaedua
743 1341 812 1400 silva
824 1340 941 1412 virebat,

231 1422 378 1499 Tantaque
392 1421 547 1498 reslpauois
560 1440 664 1499 pascua
677 1422 770 1479 bubus
783 1431 853 1480 erat.

192 1499 254 1558 Arx
267 1519 330 1558 mea
343 1499 422 1558 collis
436 1507 504 1569 erat,
520 1519 603 1578 quem
618 1499 721 1557 cultrix
733 1499 846 1557 nomine
859 1506 957 1557 nostro

232 1577 387 1655 Nuncupat
398 1577 462 1636 hoeo
475 1585 555 1643 aetas,
570 1577 788 1655 Jmiculumque
800 1585 891 1636 vocat.

192 1656 274 1715 'l'unc
287 1675 340 1734 ego
352 1657 513 1734 regnabam,
529 1656 639 1734 patiens
652 1675 740 1734 quum
753 1664 829 1714 terra
841 1655 958 1714 deorum

232 1734 324 1803 Esset,
339 1743 367 1793 et
381 1735 513 1804 humanis
526 1735 643 1793 numina
655 1734 745 1792 mixta
757 1734 835 1794 locis.

192 1812 330 1871 Nondum
344 1811 490 1871 iustitiam
503 1813 612 1871 facinus
627 1813 745 1872 mortale
758 1812 869 1890 iugarat
880 1837 930 1882 3·-

231 1889 341 1949 Ultima
354 1891 389 1949 de
403 1891 512 1968 superis
524 1891 573 1950 illa
581 1891 694 1969 reliquit
707 1890 883 1960 humum3-

193 1968 303 2046 Proque
316 1976 395 2027 metu
408 1968 546 2046 populum
561 1970 662 2028 sineri
674 1969 767 2048 pudor
779 1969 840 2048 ipse
854 1968 969 2048 regebat
981 1993 991 2038 ;

232 2047 337 2105 Nullus
351 2057 410 2104 erat
425 2048 506 2106 'ustis
519 2046 635 2107 reddere
645 2047 711 2126 jura
723 2048 811 2106 labor.

192 2124 243 2183 Nil
257 2125 327 2183 mihi
339 2145 404 2183 cum
417 2068 490 2184 lello
503 2151 510 2194 ;
531 2145 629 2203 pacem
643 2135 794 2205 portesque
807 2125 940 2184 tuebar.”

231 2203 270 2261 Et
283 2204 388 2263 clavem
402 2205 562 2274 ostendens,
578 2212 598 2238 “
607 2204 709 2274 Haec,”
724 2206 773 2269 ait,
790 2211 898 2262 “arma
909 2203 1008 2283 gero.”

193 2282 337 2341 Presserat
349 2301 398 2340 ora
411 2285 500 2341 deus:
521 2290 589 2341 tunc
604 2284 644 2341 sic
657 2302 709 2362 ego
722 2292 819 2341 nostra
832 2283 950 2352 resolvo,

231 2360 307 2419 Voce
320 2380 383 2419 mea
395 2381 478 2420 voces
491 2361 618 2421 eliciente
631 2361 696 2420 dei:

194 2438 318 2506 “Quum
331 2447 376 2497 tot
389 2440 454 2509 sint,
470 2440 490 2498 J
491 2440 546 2510 ani,
561 2459 612 2500 our
625 2449 683 2498 stas
697 2448 824 2499 sacratus
836 2439 866 2498 in
875 2459 941 2508 uno,

232 2515 290 2575 Hic
303 2517 353 2575 ubi
361 2517 462 2596 juncta
473 2519 542 2577 foris
557 2519 663 2596 templa
676 2518 787 2577 duobus
799 2518 887 2577 habes
895 2516 930 2576 l''

193 2595 246 2653 Ille
259 2615 346 2653 manu
359 2597 485 2655 mulcens
498 2616 651 2676 propexam
665 2597 702 2655 ad
715 2605 830 2675 pectora
841 2595 967 2665 barbam,

232 2672 366 2731 Protinus
378 2675 482 2733 AEbalii
495 2675 591 2733 retulit
604 2695 682 2734 arma
695 2676 769 2744 Tati,
1087 2677 1144 2733 170

192 2751 221 2810 U
253 2771 289 2810 ue
302 2752 371 2810 levis
384 2763 479 2812 custos
493 2753 608 2812 armillis
618 2762 702 2832 capta
716 2754 827 2812 Sabinis

260 2831 279 2888 d
292 2849 413 2889 summae
425 2832 539 2890 'latium
553 2832 666 2890 duxerit
679 2835 749 2890 arcis
762 2833 825 2890 iter.

195 2915 214 2942 ‘¹
223 2908 303 2978 Inde,
318 2909 396 2967 velut
409 2929 485 2968 nunc
498 2918 549 2980 est,
564 2930 615 2988 per
628 2931 712 2988 quem
725 2908 928 2980 descenditis,”
944 2907 1048 2986 inquit,
1166 2923 1168 2929 '
1247 2946 1248 2961 r

233 2987 380 3060 “Arduus
393 2989 423 3046 in
436 2988 522 3046 valle-s
535 2998 564 3047 et
577 2989 640 3047 fora
652 2989 740 3047 clivus
755 2996 825 3047 erat.

192 3065 232 3124 Et
246 3065 301 3123 'am
316 3067 471 3144 contigerat
484 3076 605 3144 portam,
621 3067 754 3125 Saturnia
765 3067 846 3145 cujus
1090 3068 1145 3126 175
1246 3121 1247 3128 ,

233 3085 403 3223 llempserat
417 3145 561 3223 oppositas
573 3145 708 3204 insidiosa
721 3163 806 3204 seras.

193 3220 277 3291 Cum,
292 3230 371 3282 tanto
384 3223 491 3282 veritus
505 3224 679 3282 committere
692 3226 808 3282 numine
821 3241 956 3301 pugnam,

233 3301 300 3379 Ipse
312 3320 382 3360 meoe
395 3302 471 3360 movi
485 3302 602 3360 callidus
616 3304 685 3361 artis
699 3323 780 3380 opuS,
982 3373 985 3380 Δ

193 3378 316 3456 Oraque,
331 3400 387 3458 qua
400 3380 509 3458 pollens
523 3400 576 3459 ope
590 3401 663 3450 sum,
678 3381 794 3440 fontana
811 3379 923 3447 reclusi,
971 3445 977 3460 χ

233 3457 358 3536 Sumque
371 3461 530 3536 repentinas
543 3459 697 3538 ejaculatua
710 3479 808 3537 aquas.
1091 3459 1150 3518 180
