2486 4172
170 177 208 236 60
435 191 527 230 suxrr
547 189 684 236 sunnam
708 189 883 230 eaornarrr

208 327 310 384 Murus
320 332 398 382 erant
412 329 539 382 montes:
560 321 610 380 ubi
622 341 697 382 nunc
710 329 753 380 est
767 322 852 381 Curia
865 330 952 400 septa,

246 403 368 462 Bellicus
382 421 416 458 ex
428 402 477 458 illo
489 401 567 460 sonte
579 401 692 459 bibebat
705 420 804 478 equus.

201 481 285 540 ‘Hinc
297 480 416 557 Tarpeia
428 480 487 538 dere
499 480 607 538 fontem
619 479 733 538 libant:
754 487 784 538 at
796 479 837 538 illi

247 560 373 635 Urgebat
387 558 508 616 medium
522 557 615 615 fictilis
629 577 700 615 urna
712 564 805 634 caput.

207 638 246 695 Et
259 637 326 694 satis
339 655 396 694 una
408 636 488 694 malae
502 635 594 713 potuit
607 655 682 693 mors
695 654 756 693 esse
768 636 877 713 puellae,

246 715 316 782 Quae
330 713 419 772 voluit
431 714 559 772 flammas
573 713 678 780 fallere,
692 714 788 782 Vesta,
804 712 888 772 tuasl

207 792 287 851 Vidit
300 792 424 852 arenosis
437 791 549 850 Tatium
564 791 710 868 proludere
725 793 840 868 campis,

246 871 380 947 Pictaque
392 889 443 947 per
455 870 541 932 daras
554 888 630 928 arma
642 870 732 927 levare
741 869 835 946 jubas.

207 948 363 1026 Obstupuit
377 947 450 1024 regis
461 947 530 1006 facie
544 955 572 1004 et
584 947 725 1023 regalibus
737 949 832 1018 armis,

246 1028 379 1104 Interque
392 1025 492 1084 oblitas
505 1025 608 1083 excidit
621 1045 692 1083 urna
705 1045 814 1084 manus.

207 1105 288 1182 Saepe
299 1104 349 1160 illa
360 1103 507 1162 immeritae
521 1110 633 1160 causata
645 1111 688 1160 est
701 1104 794 1161 omina
808 1105 904 1172 Lunae,

246 1183 285 1240 Et
299 1181 352 1239 sibi
365 1181 512 1257 tingendas
526 1180 597 1238 dixit
610 1181 639 1238 in
653 1200 733 1238 amne
747 1201 859 1240 musas:

207 1262 290 1337 Saepe
303 1259 368 1317 tulit
381 1258 490 1316 blandis
502 1265 633 1335 argentea
645 1259 702 1317 lilia
715 1259 869 1337 Nymphis,

211 1353 217 1365 ’
245 1338 366 1396 Romula
379 1357 413 1394 ne
427 1337 525 1402 faciem
540 1337 652 1394 laederet
665 1338 747 1395 hasta
759 1338 833 1396 Tati.

207 1417 338 1492 Dumque
352 1416 427 1473 subit
440 1415 531 1492 primo
545 1414 684 1492 Capitolia
697 1416 793 1474 nubila
806 1416 893 1484 furno,

246 1493 355 1551 Retulit
367 1493 484 1552 hirsutis
497 1493 611 1550 brachia
624 1501 700 1550 secta
712 1494 789 1551 rubis
802 1516 810 1552 r

205 1573 244 1630 Et
258 1591 308 1629 sua
320 1571 439 1648 Tarpeia
452 1571 576 1628 residens
589 1571 629 1628 ita
641 1571 718 1628 flevit
731 1572 766 1629 ab
779 1591 841 1630 arce

244 1649 376 1718 Vulnera,
390 1649 480 1708 vicino
493 1668 550 1707 non
564 1649 695 1725 patienda
708 1650 727 1708 J
728 1650 790 1709 ori:

205 1729 290 1806 Ignes
304 1736 468 1795 castrorum,
483 1735 512 1784 et
524 1727 612 1784 Tatiae
625 1728 757 1803 praetoria
770 1736 882 1794 turmae,

244 1807 283 1864 Et
296 1806 417 1864 formosa
430 1805 517 1864 oculis
531 1823 608 1862 arma
621 1805 724 1874 Sabina
737 1806 814 1874 meis,

205 1885 232 1942 0
245 1883 353 1942 utinam
367 1883 403 1945 ad
413 1891 520 1940 vestros
534 1885 643 1940 sedeam
658 1884 767 1960 captiva
781 1884 908 1952 Penates,

244 1962 322 2019 Dum
335 1962 444 2038 captiva
457 1961 512 2018 mei
526 1961 670 2038 conspicer
683 1980 731 2019 ora
743 1963 818 2021 Tati.

206 2039 327 2098 Romani
340 2047 457 2105 montes,
472 2047 500 2096 et
513 2040 656 2096 montibus
670 2040 765 2108 addita
778 2041 878 2110 Roma,

243 2117 282 2174 Et
294 2117 385 2175 valeat
396 2117 499 2192 probro
509 2118 598 2175 Vesta
609 2117 742 2194 pudenda
754 2137 827 2176 meo.

205 2195 258 2254 Ille
272 2214 370 2272 equus,
384 2195 430 2252 ille
444 2214 519 2253 meos
532 2195 561 2252 in
575 2204 667 2254 caetra
680 2204 796 2272 reponet
809 2216 926 2265 amores,

244 2273 299 2331 Cui
311 2274 410 2331 Tatius
423 2273 535 2331 dextras
548 2274 665 2332 collocat
678 2273 738 2350 ipse
747 2274 840 2351 jubas.

206 2350 281 2420 Quid
295 2352 398 2408 mirum
410 2351 440 2408 in
454 2351 559 2426 patrios
573 2351 693 2428 Scyllam
707 2353 820 2410 saevisse
832 2351 969 2430 capillos?

244 2429 424 2505 Candidaque
437 2430 467 2486 in
480 2448 569 2488 saevos
581 2429 697 2506 inguina
708 2450 789 2488 versa
801 2429 903 2489 canes?

205 2508 320 2566 Prodita
333 2507 402 2584 quid
414 2509 515 2564 mirum
530 2508 646 2564 fraterni
659 2526 763 2566 cornua
775 2510 902 2578 monstri,

243 2586 338 2653 Quum
351 2585 445 2662 patuit
457 2586 529 2642 lecto
543 2586 661 2643 stamine
674 2588 806 2644 tortario
818 2589 829 2645 i

205 2666 349 2733 Quantum
364 2683 414 2740 ego
429 2682 491 2720 sum
505 2662 638 2721 Ausoniis
652 2665 757 2722 crimen
771 2665 878 2723 factura
890 2664 999 2742 puellis,

244 2741 378 2818 Improba
390 2741 513 2817 virgineo
526 2741 597 2799 lecta
610 2741 739 2800 ministra
750 2743 829 2802 foco!

205 2819 334 2878 Pallados
347 2819 499 2876 exstinctos
512 2819 535 2875 si
549 2820 612 2895 quis
625 2820 772 2878 mirabitur
784 2820 872 2897 ignes,

244 2899 395 2974 Ignoscat:
416 2896 538 2954 lacrimis
552 2898 691 2974 spargitur
704 2917 752 2955 ara
764 2899 844 2956 meis.

205 2975 283 3043 Cras,
298 2984 330 3033 ut
343 2993 439 3032 rumor
452 2974 499 3042 ait,
514 2983 574 3032 tota
586 2976 757 3052 pugnabitur
770 2976 857 3034 urbe:

243 3054 288 3111 Tu
302 3072 366 3126 care
381 3053 485 3129 spinosi
499 3053 592 3110 rorida
605 3063 682 3130 terga
691 3054 764 3131 jugi.

204 3131 326 3189 Lubrica
339 3138 399 3188 tota
411 3131 456 3188 via
469 3138 513 3188 est
526 3139 554 3188 et
567 3132 690 3208 perfida:
712 3133 817 3210 quippe
829 3140 953 3192 tacentes

243 3209 347 3268 Fallaoi
360 3209 430 3267 celat
443 3209 532 3268 limite
545 3228 656 3286 semper
667 3229 764 3287 aquas.

204 3288 231 3345 0
244 3289 351 3345 utinam
365 3288 481 3364 magicae
494 3306 606 3346 nossem
620 3288 778 3346 cantamina
791 3289 900 3347 Musaei

243 3366 316 3424 Haec
329 3384 439 3442 quoque
451 3367 575 3424 formoso
588 3366 683 3442 lingua
695 3366 806 3425 tulisset
819 3387 912 3443 opem.

203 3443 245 3502 Te
258 3451 324 3520 toga
336 3443 412 3520 picta
425 3443 522 3502 deceta
544 3464 600 3501 non
613 3463 697 3521 quem
711 3445 771 3502 sine
784 3446 882 3506 matris
895 3445 1001 3504 honore

243 3520 342 3580 Nutrit
355 3521 518 3582 inhumanoe
532 3521 602 3579 dura
615 3522 719 3600 papilla
731 3522 816 3600 lupae.
