2486 4172
490 169 649 210 CARMINA·

115 303 179 362 Neo
192 309 319 361 veterum
335 301 410 361 dulci
423 301 592 379 scriptorum
605 300 727 361 carmine
740 301 834 360 Musae

154 383 393 449 oblectantem
407 401 487 438 mena
501 383 584 439 anxia
596 381 759 458 pervigilat:

114 461 152 519 ld
165 471 278 537 gratnm
293 469 335 516 est
348 461 427 527 mihi,
442 480 488 518 me
501 460 632 537 quoniam
644 459 696 517 tibi
709 459 789 518 ducis
802 460 934 527 amicum,

156 541 333 616 Muneraque
347 547 375 596 et
390 540 538 600 Musarum
552 539 619 596 binc
632 539 706 615 petis
719 548 748 596 et
761 538 888 597 Veneris.

115 618 172 676 Sed
186 618 283 675 tibine
297 637 359 674 mea
373 617 429 674 sint
443 618 539 693 ignota
551 616 735 684 incommoda,
752 617 852 686 Manli,
927 636 930 644 ’

157 696 222 753 Neu
237 715 281 753 me
295 695 388 753 odisse
402 705 484 772 putes
495 694 615 772 hospitis
629 696 770 753 officium=

115 775 231 852 Accipe,
247 775 326 851 queis
339 793 445 832 merser
458 774 579 833 fortunae
592 774 725 832 fluctibus
738 773 807 852 ipse,

157 854 203 910 Ne
217 853 338 928 amplius
351 872 368 910 a
382 853 483 911 misero
494 853 567 910 dona
580 854 661 910 mata
673 861 763 929 petas.

114 933 256 1008 Tempore
270 951 326 1008 qno
339 932 462 1008 primum
475 931 560 989 vestis
573 931 643 988 mihi
657 931 760 990 tradita
769 951 840 1009 pura
851 938 904 999 est,

157 1010 176 1067 J
179 1010 320 1067 ucundum
335 1029 400 1068 cum
413 1019 482 1068 aetas
494 1009 594 1067 florida
606 1029 654 1068 ver
664 1018 770 1084 ageret,

117 1088 214 1146 Multa
227 1090 296 1145 satis
309 1088 382 1146 lusi:
405 1108 461 1146 nou
474 1099 518 1146 est
532 1089 593 1146 Dea
605 1087 698 1146 nescia
711 1089 809 1158 nostri,

159 1168 231 1234 Quae
245 1165 355 1224 dulcem
368 1167 442 1224 curis
457 1167 556 1226 miscet
570 1167 735 1224 amaritiem.

118 1245 176 1302 Sed
190 1257 281 1302 totum
295 1246 349 1302 hoc
363 1245 487 1302 studium
501 1245 580 1303 luctu
593 1244 715 1303 fraterna
728 1244 798 1303 mihi
812 1263 888 1304 mors

84 1383 89 1390 ,
158 1323 296 1382 Abstulit.
337 1324 364 1381 0
379 1324 488 1392 misero,
504 1325 589 1382 frater
602 1323 733 1402 adempte
747 1323 828 1382 mihi.

118 1404 164 1460 Tu
179 1421 248 1469 mea,
263 1410 296 1458 tu
308 1403 430 1460 moriens
444 1402 552 1479 fregisti
566 1404 722 1470 commoda,
736 1402 840 1460 frater:

157 1481 264 1538 Tecum
279 1501 336 1538 uua
348 1490 409 1538 tota
421 1490 464 1538 est
475 1491 571 1539 nostra
584 1481 695 1557 sepulta
708 1482 826 1539 domus:

118 1560 224 1618 Omnia
237 1567 329 1616 tecum
341 1579 397 1617 uua
410 1561 552 1636 perierunt
566 1560 668 1635 gaudia
682 1568 785 1627 nostra,

159 1638 232 1705 Quae
247 1647 313 1694 tuus
326 1638 354 1698 in
368 1639 426 1696 vita
439 1639 527 1696 dulcis
540 1639 632 1697 alebat
645 1657 734 1696 amor.
812 1661 816 1666 ·

118 1717 210 1775 Cu'us
224 1735 276 1792 ego
290 1717 404 1774 interitu
418 1723 480 1776 tota
492 1717 527 1776 de
540 1727 633 1775 mente
646 1716 741 1794 fugavi

160 1738 233 1852 llaec
247 1795 348 1863 studia,
363 1806 447 1873 atque
461 1815 558 1854 omues
572 1796 683 1854 delicias
693 1793 788 1852 animi.

119 1875 254 1951 Ignosces
267 1874 362 1949 igitur,
378 1875 410 1940 si,
426 1894 490 1951 quae
504 1874 574 1932 mihi
587 1874 681 1932 luctus
690 1875 803 1941 ademit,

160 1952 231 2010 Haec
245 1953 296 2009 tibi
310 1971 365 2010 nou
377 1953 470 2010 tribuo
484 1972 608 2021 munera,
623 1973 687 2012 oum
702 1970 821 2030 nequeo.

118 2031 206 2098 Nam,
221 2030 297 2108 qood
311 2031 478 2108 scriptorum
492 2051 550 2088 uon
563 2051 666 2108 magna
678 2041 721 2090 est
735 2031 816 2108 copia
823 2026 898 2107 apud
913 2046 967 2096 me,

160 2110 225 2166 Hoc
239 2111 281 2176 lit,
295 2109 370 2186 quod
385 2110 482 2167 Romae
498 2111 636 2168 vivimus:
657 2111 706 2168 illa
719 2109 840 2176 domus;

121 2188 176 2247 Illa
189 2188 259 2244 mibi
274 2188 362 2255 sedes,
378 2189 435 2246 illic
449 2209 511 2246 mea
524 2189 648 2265 carpitur
662 2199 749 2248 oetast

161 2267 228 2324 Huc
242 2286 298 2323 uua
308 2286 341 2323 ex
357 2265 454 2324 multis
468 2268 583 2343 capsula
596 2287 641 2324 me
653 2267 788 2344 sequitur.

120 2343 205 2412 Quod
220 2364 284 2402 cum
297 2345 337 2402 ita
351 2345 396 2412 sit,
412 2346 498 2402 nolim
513 2356 629 2412 statuas,
645 2365 696 2403 nos
711 2352 804 2402 mente
818 2342 940 2420 maligna

161 2423 196 2481 Id
211 2423 309 2491 facere,
324 2432 373 2481 aut
383 2425 476 2482 animo
489 2443 545 2480 non
560 2426 628 2481 satis
642 2425 762 2500 ingenuo
774 2445 781 2489 ;

121 2501 207 2568 Quod
220 2502 273 2559 tibi
287 2522 342 2559 nou
356 2503 503 2579 utriusque
517 2504 599 2580 petiti
610 2503 690 2578 copia
703 2501 778 2559 facta
791 2508 851 2558 est:

161 2580 244 2637 Ultro
258 2600 309 2657 ego
322 2580 468 2648 deferrem,
483 2582 563 2657 copia
576 2581 601 2637 si
613 2601 669 2658 qua
681 2579 764 2638 foret.

121 2657 189 2716 Nou
204 2677 317 2730 possum
332 2660 454 2727 reticere,
468 2660 546 2726 Deae,
557 2679 612 2736 qua
626 2658 751 2717 Manlius
764 2657 794 2716 iu
807 2676 837 2715 re

161 2737 280 2804 Juverit,
296 2748 345 2795 aut
359 2738 470 2814 quantis
481 2737 586 2814 juverit
599 2739 715 2795 officiis:

121 2814 168 2873 Ne
182 2815 291 2892 fugiens
304 2816 386 2874 seclis
399 2817 627 2874 obliviscentibus
640 2826 710 2874 aetas

161 2892 242 2951 Illius
255 2892 309 2952 hoc
323 2914 395 2953 caeca
408 2905 490 2952 nocte
504 2906 582 2972 tegat
595 2896 731 2952 studium.

122 2971 178 3030 Sed
191 2972 282 3030 dicam
296 2974 385 3031 vobis.
427 2974 484 3031 Vos
497 2993 582 3051 porro
592 2973 676 3031 dicite
690 2971 786 3030 multis

161 3050 291 3108 Millibus
301 3062 329 3109 et
342 3052 426 3110 facite
438 3053 501 3111 haec
515 3053 613 3109 charta
625 3053 755 3129 loquatur
768 3068 850 3108 auus.
866 3069 869 3076 ’

121 3128 166 3186 Ne
176 3137 290 3187 tenuem
305 3141 402 3188 texens
415 3132 543 3189 sublimis
556 3151 656 3188 aranea
669 3131 762 3197 telam,

161 3207 281 3265 Deserto
294 3209 323 3266 in
338 3209 427 3266 Manli
439 3211 550 3266 nomine
565 3229 636 3285 opus
651 3209 744 3268 faciat.

122 3286 206 3352 Nam,
223 3287 292 3344 mibi
307 3307 390 3364 quam
405 3288 512 3345 dederit
522 3289 626 3364 duplex
640 3284 810 3344 Amathusia
823 3301 928 3350 curam,
1029 3284 1067 3338 45

161 3364 255 3432 Scitis,
270 3376 299 3423 et
312 3369 340 3422 in
355 3386 411 3442 quo
426 3387 470 3424 me
484 3368 619 3424 corruerit
633 3384 733 3440 genere

121 3443 195 3503 Cum
210 3454 320 3502 tantum
332 3445 466 3512 arderem,
482 3461 618 3522 quantum
632 3441 777 3500 Trinacria
788 3458 882 3517 rupes,

159 3523 346 3601 Lymphaque
360 3525 389 3580 in
404 3525 502 3581 OEtaeis
517 3524 605 3580 Malia
619 3519 834 3598 'Pherrnopylisa
