2534 4172
168 164 207 222 80
496 183 524 222 r.
547 183 657 224 ovrorr
679 183 816 224 nasonis

204 313 333 373 Pascitur
345 314 375 372 in
389 307 456 373 vivis
470 316 554 373 Livor
566 341 574 384 ς
595 324 660 392 post
673 315 731 374 fata
743 316 868 393 quiescit,

244 393 316 450 Cum
330 412 397 451 suus
412 413 446 451 ex
459 394 559 452 merito
573 413 710 470 quemque
724 402 820 452 tuetur
832 396 932 454 honos.

203 469 279 548 Ergo
293 471 386 539 etiam,
402 491 465 529 cum
480 492 525 529 me
539 491 686 550 supremus
699 472 823 531 adederit
836 474 918 549 ignis,

180 605 185 617 ,
241 549 361 619 Vivam;
382 569 502 627 parsque
515 549 571 608 mei
584 551 673 608 multa
686 560 828 628 superstes
845 554 907 611 erit.

16 815 150 994 pomp
269 821 498 880 TRAGOEDIAE
519 821 569 879 ET
588 822 772 888 ELEGEIAE
794 822 1037 883 CONTENTIO.

202 997 264 1056 Stat
277 1004 366 1064 vetus,
382 1003 409 1054 et
422 996 527 1053 multos
540 995 666 1054 incaedua
679 997 748 1054 silva
761 1015 811 1073 per
824 1017 921 1056 annos.

240 1074 380 1134 Credibile
393 1082 437 1132 est
449 1074 490 1131 illi
504 1094 608 1132 numen
621 1076 711 1132 inesse
723 1075 794 1132 loco.

201 1153 275 1212 Fons
290 1171 367 1210 sacer
379 1152 408 1210 in
422 1152 523 1219 medio,
540 1153 727 1229 speluncaque
740 1153 851 1230 pumice
863 1154 988 1231 pendens
1000 1180 1009 1223 ;

240 1231 277 1288 Et
290 1231 376 1288 latere
389 1249 423 1287 ex
436 1231 513 1288 omni
527 1231 607 1288 dulce
621 1242 774 1307 queruntur
784 1251 859 1289 aves.

201 1309 258 1367 Hic
272 1329 323 1386 ego
338 1309 405 1366 dum
421 1309 526 1385 spatior
539 1315 630 1366 tectus
644 1309 831 1367 nemoralibus
845 1309 962 1378 umbrie,

240 1387 323 1453 Quod
336 1406 406 1455 mea,
421 1387 588 1463 quaerebam,
604 1387 690 1444 Musa
702 1397 827 1446 moveret
840 1407 922 1465 opus.

200 1465 284 1522 Venit
298 1464 428 1522 odoratos
441 1465 555 1542 Elegeia
568 1484 639 1521 nexa
652 1465 766 1541 capillos
778 1488 786 1522 ε

240 1544 285 1610 Et,
300 1551 370 1620 puto
383 1563 433 1620 pes
445 1543 486 1600 illi
500 1543 608 1618 longior
620 1543 691 1599 alter
704 1551 773 1600 erat.

200 1620 301 1680 Forma
314 1622 431 1684 decens:
454 1620 539 1678 vestis
553 1621 721 1687 tenuissima,
738 1621 830 1678 cultus
844 1620 980 1678 amantis:

238 1700 272 1755 In
285 1699 404 1776 pedibus
419 1699 517 1755 vitium
532 1717 615 1756 causa
629 1699 734 1756 decoris
749 1709 808 1756 erat

199 1777 283 1834 Venit
297 1786 326 1834 et
338 1777 446 1854 ingenti
459 1777 580 1833 violenta
593 1775 742 1852 Tragoedia
755 1796 860 1853 passu:

238 1855 342 1913 Fronte
355 1875 443 1912 comae
457 1863 544 1922 torva,
559 1854 633 1930 palla
642 1853 753 1931 jacebat
766 1854 857 1912 humi.

198 1934 284 1989 Laeva
297 1952 398 1989 manus
411 1941 550 2008 sceptrum
564 1933 620 1989 late
633 1932 724 2008 regale
740 1933 869 1989 tenebat:

238 2010 345 2087 Lydius
358 2011 415 2068 alta
428 2009 532 2087 pedum
546 2009 636 2067 vincla
650 2010 804 2067 cothurnus
819 2017 887 2066 erat.

197 2089 236 2146 Et
249 2089 333 2164 prior,
347 2088 479 2166 “Ecquis
494 2089 576 2154 erit,''
593 2087 673 2155 dixit,
691 2087 770 2144 “tibi
783 2089 847 2144 finis
860 2087 992 2145 amandi?

237 2167 262 2224 0
277 2165 433 2242 argumenti
446 2165 520 2223 lente
534 2166 620 2224 Poeta
633 2165 692 2222 tui!

198 2244 280 2320 Saepe
293 2243 392 2320 aliquis
406 2243 493 2320 digito
506 2251 598 2301 vatem
612 2243 739 2320 designat
753 2250 883 2302 euntem:

235 2322 330 2398 Atque
344 2321 391 2390 ait,
408 2329 427 2354 ‘⁴
437 2323 501 2390 Hic,
516 2322 563 2378 hic
578 2329 620 2378 est
634 2341 716 2398 quem
730 2320 805 2379 serus
821 2323 877 2379 urit
891 2322 989 2379 Amor.

197 2401 303 2458 Fabula
318 2403 382 2473 (aec
396 2399 497 2476 sentis)
513 2408 572 2457 tota
582 2399 695 2476 jactaris
709 2400 738 2456 in
753 2400 840 2457 urbe:

236 2479 311 2535 Dum
325 2489 374 2535 tua
387 2479 529 2554 praeterito
543 2478 618 2535 facta
629 2477 736 2554 pudore
750 2477 846 2534 refers.

196 2557 322 2633 Tempus
336 2565 395 2613 erat
409 2557 508 2632 thyrso
522 2555 636 2632 pulsum
650 2556 776 2633 graviore
789 2554 902 2612 moveri.

236 2634 383 2692 Cessatum
397 2633 464 2690 satis
479 2641 541 2690 est:
561 2633 653 2710 incipe
667 2634 757 2712 majus
771 2653 851 2710 opus.

196 2712 317 2770 Materia
330 2712 433 2787 premis
446 2711 588 2784 ingenium
600 2736 606 2779 ;
628 2731 695 2768 cane
709 2713 781 2768 facta
794 2711 934 2768 virorum:

236 2791 308 2846 Haec
321 2788 423 2857 anim0,
439 2788 522 2857 dices,
538 2807 602 2847 area
615 2789 698 2866 digna
711 2808 773 2845 meo
784 2796 836 2846 est.

196 2867 279 2934 Quod
293 2875 397 2924 tenerae
410 2874 532 2935 cautent,
546 2867 613 2923 lusit
626 2875 675 2924 tua
690 2868 783 2933 Musa,
798 2865 918 2942 puellae:

235 2945 384 3021 Primaque
397 2963 447 3021 per
460 2963 591 3002 numeros
604 2954 666 3002 acta
675 2945 792 3020 juventa
806 2963 882 3003 suos.

197 3021 280 3082 Nunc
293 3024 410 3080 babeam
424 3007 473 3098 pe‘r
486 3031 514 3079 te
528 3024 655 3079 Romana
668 3021 816 3098 Tragoedia
828 3039 941 3079 nomen.

235 3101 368 3178 Implebit
381 3101 457 3177 leges
472 3101 587 3176 spiritus
600 3100 653 3156 iste
667 3100 775 3157 meas.''

195 3178 341 3236 Hactenus
354 3201 361 3235 ε
383 3187 412 3236 et
426 3179 512 3235 movit
525 3178 608 3254 pictis
620 3177 716 3234 innixa
727 3176 871 3234 cothurnis

234 3257 359 3314 Densum
375 3256 486 3314 caesarie
499 3264 596 3332 terque
607 3264 762 3332 quaterque
776 3263 870 3331 capnt.

194 3333 300 3402 Altera,
316 3335 340 3391 si
354 3335 476 3400 memini,
491 3333 565 3390 limis
579 3334 694 3389 subrisit
708 3333 809 3390 ocellis.

234 3412 335 3480 Fallor,
350 3432 385 3469 an
398 3412 427 3467 in
441 3411 540 3468 dextra
553 3421 660 3487 myrtea
676 3412 753 3485 virga
766 3407 843 3467 fuit?

195 3489 302 3556 “Quid
315 3489 445 3566 gravibus
458 3489 556 3554 verbis,
572 3490 696 3544 animosa
708 3487 886 3563 Tragoedia,”
903 3485 983 3553 dixit,

235 3573 255 3597 “
264 3567 313 3623 Me
326 3565 450 3643 premisl
471 3585 507 3621 an
520 3585 662 3642 nunquam
676 3585 733 3622 non
746 3565 837 3640 gravis
850 3583 910 3624 esse
924 3561 1024 3642 potes?
