<?xml version="1.0" encoding="UTF-8"?>
<!DOCTYPE html PUBLIC "-//W3C//DTD XHTML 1.0 Transitional//EN"
    "http://www.w3.org/TR/xhtml1/DTD/xhtml1-transitional.dtd">
<html xmlns="http://www.w3.org/1999/xhtml" xml:lang="en" lang="en">
 <head>
  <title>
</title>
<meta http-equiv="Content-Type" content="text/html;charset=utf-8" />
  <meta name='ocr-system' content='tesseract 3.04.00' />
  <meta name='ocr-capabilities' content='ocr_page ocr_carea ocr_par ocr_line ocrx_word'/>
</head>
<body>
  <div class='ocr_page' id='page_1' title='image "./excerptaecarmin00donngoog_0121.png"; bbox 0 0 2534 4172; ppageno 0'>
   <div class='ocr_carea' id='block_1_1' title="bbox 166 72 817 129">
    <p class='ocr_par' dir='ltr' id='par_1_1' title="bbox 166 72 817 129">
     <span class='ocr_line' id='line_1_1' title="bbox 166 72 817 129; baseline -0.008 -1"><span class='ocrx_word' id='word_1_1' title='bbox 166 72 220 129; x_wconf 79' lang='lat'>112</span> <span class='ocrx_word' id='word_1_2' title='bbox 496 88 525 126; x_wconf 83' lang='lat' dir='ltr'>r.</span> <span class='ocrx_word' id='word_1_3' title='bbox 547 87 656 127; x_wconf 83' lang='lat' dir='ltr'>ovrmr</span> <span class='ocrx_word' id='word_1_4' title='bbox 679 84 817 126; x_wconf 70' lang='lat' dir='ltr'>risoriis</span> 
     </span>
    </p>
   </div>
   <div class='ocr_carea' id='block_1_2' title="bbox 199 217 1256 2254">
    <p class='ocr_par' dir='ltr' id='par_1_2' title="bbox 199 217 1256 2254">
     <span class='ocr_line' id='line_1_2' title="bbox 203 217 1158 298; baseline -0.004 -19"><span class='ocrx_word' id='word_1_5' title='bbox 203 228 223 254; x_wconf 76' lang='lat'>‘¹</span> <span class='ocrx_word' id='word_1_6' title='bbox 233 221 318 279; x_wconf 82' lang='lat' dir='ltr'>Hane</span> <span class='ocrx_word' id='word_1_7' title='bbox 330 219 383 279; x_wconf 90' lang='lat' dir='ltr'>tibi</span> <span class='ocrx_word' id='word_1_8' title='bbox 396 238 446 279; x_wconf 90' lang='lat' dir='ltr'>cur</span> <span class='ocrx_word' id='word_1_9' title='bbox 459 219 578 288; x_wconf 87' lang='lat' dir='ltr'>tradam,</span> <span class='ocrx_word' id='word_1_10' title='bbox 593 220 640 298; x_wconf 87' lang='lat' dir='ltr'>pia</span> <span class='ocrx_word' id='word_1_11' title='bbox 653 238 744 287; x_wconf 85' lang='lat' dir='ltr'>causa,</span> <span class='ocrx_word' id='word_1_12' title='bbox 760 218 877 276; x_wconf 88' lang='lat' dir='ltr'>Lavinia</span> <span class='ocrx_word' id='word_1_13' title='bbox 890 217 1003 296; x_wconf 88' lang='lat' dir='ltr'>conjux,</span> <span class='ocrx_word' id='word_1_14' title='bbox 1097 220 1158 276; x_wconf 89' lang='grc'>105</span> 
     </span>
     <span class='ocr_line' id='line_1_3' title="bbox 241 297 936 376; baseline -0.001 -19"><span class='ocrx_word' id='word_1_15' title='bbox 241 299 293 358; x_wconf 86' lang='lat' dir='ltr'>Est</span> <span class='ocrx_word' id='word_1_16' title='bbox 306 299 395 360; x_wconf 82' lang='lat' dir='ltr'>mihi:</span> <span class='ocrx_word' id='word_1_17' title='bbox 417 299 579 376; x_wconf 77' lang='lat' dir='ltr'><strong>consumpsi</strong></span> <span class='ocrx_word' id='word_1_18' title='bbox 591 297 744 374; x_wconf 79' lang='lat' dir='ltr'>naufragus</span> <span class='ocrx_word' id='word_1_19' title='bbox 757 297 844 375; x_wconf 89' lang='lat' dir='ltr'>hujus</span> <span class='ocrx_word' id='word_1_20' title='bbox 857 316 936 375; x_wconf 89' lang='lat' dir='ltr'>opes.</span> 
     </span>
     <span class='ocr_line' id='line_1_4' title="bbox 202 376 963 455; baseline -0.001 -21"><span class='ocrx_word' id='word_1_21' title='bbox 202 376 275 435; x_wconf 88' lang='lat' dir='ltr'>Orta</span> <span class='ocrx_word' id='word_1_22' title='bbox 288 378 364 454; x_wconf 84' lang='lat' dir='ltr'>Tyro</span> <span class='ocrx_word' id='word_1_23' title='bbox 377 384 441 436; x_wconf 83' lang='lat' dir='ltr'>est:</span> <span class='ocrx_word' id='word_1_24' title='bbox 462 396 581 455; x_wconf 82' lang='lat' dir='ltr'>regnum</span> <span class='ocrx_word' id='word_1_25' title='bbox 596 376 704 454; x_wconf 78' lang='lat' dir='ltr'>Libyca</span> <span class='ocrx_word' id='word_1_26' title='bbox 717 376 842 452; x_wconf 79' lang='lat' dir='ltr'><strong>possedit</strong></span> <span class='ocrx_word' id='word_1_27' title='bbox 854 376 885 434; x_wconf 87' lang='lat' dir='ltr'>in</span> <span class='ocrx_word' id='word_1_28' title='bbox 898 395 963 435; x_wconf 87' lang='lat' dir='ltr'>ora:</span> 
     </span>
     <span class='ocr_line' id='line_1_5' title="bbox 241 454 906 533; baseline -0.005 -19"><span class='ocrx_word' id='word_1_29' title='bbox 241 455 335 523; x_wconf 78' lang='lat' dir='ltr'>Quam</span> <span class='ocrx_word' id='word_1_30' title='bbox 350 474 448 533; x_wconf 86' lang='lat' dir='ltr'>precor</span> <span class='ocrx_word' id='word_1_31' title='bbox 460 465 494 514; x_wconf 87' lang='lat' dir='ltr'>ut</span> <span class='ocrx_word' id='word_1_32' title='bbox 507 474 578 514; x_wconf 81' lang='lat' dir='ltr'>carae</span> <span class='ocrx_word' id='word_1_33' title='bbox 591 474 668 513; x_wconf 87' lang='lat' dir='ltr'>more</span> <span class='ocrx_word' id='word_1_34' title='bbox 682 454 784 512; x_wconf 86' lang='lat' dir='ltr'>sororis</span> <span class='ocrx_word' id='word_1_35' title='bbox 798 454 906 512; x_wconf 87' lang='lat' dir='ltr'>ames.”</span> 
     </span>
     <span class='ocr_line' id='line_1_6' title="bbox 201 532 886 611; baseline -0.003 -19"><span class='ocrx_word' id='word_1_36' title='bbox 201 533 306 592; x_wconf 85' lang='lat' dir='ltr'>Omnia</span> <span class='ocrx_word' id='word_1_37' title='bbox 317 534 467 611; x_wconf 88' lang='lat' dir='ltr'>promittit,</span> <span class='ocrx_word' id='word_1_38' title='bbox 482 533 640 608; x_wconf 77' lang='lat' dir='ltr'>falsumque</span> <span class='ocrx_word' id='word_1_39' title='bbox 654 532 771 591; x_wconf 86' lang='lat' dir='ltr'>Lavinia</span> <span class='ocrx_word' id='word_1_40' title='bbox 784 533 886 591; x_wconf 84' lang='lat' dir='ltr'>vulnus</span> 
     </span>
     <span class='ocr_line' id='line_1_7' title="bbox 240 611 1160 689; baseline -0.002 -19"><span class='ocrx_word' id='word_1_41' title='bbox 240 613 340 671; x_wconf 87' lang='lat' dir='ltr'>Mente</span> <span class='ocrx_word' id='word_1_42' title='bbox 353 613 456 689; x_wconf 85' lang='lat' dir='ltr'>premit</span> <span class='ocrx_word' id='word_1_43' title='bbox 470 612 563 680; x_wconf 84' lang='lat' dir='ltr'>tacita,</span> <span class='ocrx_word' id='word_1_44' title='bbox 579 611 792 686; x_wconf 79' lang='lat' dir='ltr'>dissimulatque</span> <span class='ocrx_word' id='word_1_45' title='bbox 805 619 909 670; x_wconf 90' lang='lat' dir='ltr'>metus.</span> <span class='ocrx_word' id='word_1_46' title='bbox 1097 611 1160 670; x_wconf 87' lang='lat'>110</span> 
     </span>
     <span class='ocr_line' id='line_1_8' title="bbox 203 689 903 768; baseline -0.001 -20"><span class='ocrx_word' id='word_1_47' title='bbox 203 691 339 768; x_wconf 78' lang='lat' dir='ltr'>Donaque</span> <span class='ocrx_word' id='word_1_48' title='bbox 353 711 418 749; x_wconf 89' lang='lat' dir='ltr'>cum</span> <span class='ocrx_word' id='word_1_49' title='bbox 431 690 524 750; x_wconf 85' lang='lat' dir='ltr'>videat</span> <span class='ocrx_word' id='word_1_50' title='bbox 537 699 642 768; x_wconf 86' lang='lat' dir='ltr'>praeter</span> <span class='ocrx_word' id='word_1_51' title='bbox 656 708 706 748; x_wconf 86' lang='lat' dir='ltr'>sua</span> <span class='ocrx_word' id='word_1_52' title='bbox 718 689 825 747; x_wconf 91' lang='lat' dir='ltr'>lumina</span> <span class='ocrx_word' id='word_1_53' title='bbox 837 689 903 747; x_wconf 87' lang='lat' dir='ltr'>ferri</span> 
     </span>
     <span class='ocr_line' id='line_1_9' title="bbox 240 768 965 847; baseline 0 -20"><span class='ocrx_word' id='word_1_54' title='bbox 240 769 337 828; x_wconf 84' lang='lat' dir='ltr'>Multa</span> <span class='ocrx_word' id='word_1_55' title='bbox 349 769 452 847; x_wconf 85' lang='lat' dir='ltr'>palam,</span> <span class='ocrx_word' id='word_1_56' title='bbox 466 769 543 826; x_wconf 92' lang='lat' dir='ltr'>mitti</span> <span class='ocrx_word' id='word_1_57' title='bbox 557 769 629 826; x_wconf 90' lang='lat' dir='ltr'>clam</span> <span class='ocrx_word' id='word_1_58' title='bbox 643 787 753 844; x_wconf 91' lang='lat' dir='ltr'>quoque</span> <span class='ocrx_word' id='word_1_59' title='bbox 767 768 859 825; x_wconf 88' lang='lat' dir='ltr'>multa</span> <span class='ocrx_word' id='word_1_60' title='bbox 871 773 965 846; x_wconf 86' lang='lat' dir='ltr'>putat.</span> 
     </span>
     <span class='ocr_line' id='line_1_10' title="bbox 201 844 965 924; baseline -0.001 -20"><span class='ocrx_word' id='word_1_61' title='bbox 201 847 266 904; x_wconf 91' lang='lat' dir='ltr'>Non</span> <span class='ocrx_word' id='word_1_62' title='bbox 282 848 367 905; x_wconf 88' lang='lat' dir='ltr'>habet</span> <span class='ocrx_word' id='word_1_63' title='bbox 381 856 520 916; x_wconf 81' lang='lat' dir='ltr'>exactum,</span> <span class='ocrx_word' id='word_1_64' title='bbox 535 846 604 924; x_wconf 91' lang='lat' dir='ltr'>quid</span> <span class='ocrx_word' id='word_1_65' title='bbox 617 855 691 922; x_wconf 81' lang='lat' dir='ltr'>agat.</span> <span class='ocrx_word' id='word_1_66' title='bbox 734 845 883 905; x_wconf 84' lang='lat' dir='ltr'>Furialiter</span> <span class='ocrx_word' id='word_1_67' title='bbox 896 844 965 915; x_wconf 89' lang='lat' dir='ltr'>odit,</span> 
     </span>
     <span class='ocr_line' id='line_1_11' title="bbox 239 924 1256 1002; baseline -0.005 -19"><span class='ocrx_word' id='word_1_68' title='bbox 239 926 277 983; x_wconf 85' lang='lat' dir='ltr'>Et</span> <span class='ocrx_word' id='word_1_69' title='bbox 291 934 372 1002; x_wconf 88' lang='lat' dir='ltr'>parat</span> <span class='ocrx_word' id='word_1_70' title='bbox 385 925 511 991; x_wconf 79' lang='lat' dir='ltr'>insidias,</span> <span class='ocrx_word' id='word_1_71' title='bbox 526 935 554 983; x_wconf 93' lang='lat' dir='ltr'>et</span> <span class='ocrx_word' id='word_1_72' title='bbox 567 925 646 1002; x_wconf 91' lang='lat' dir='ltr'>cupit</span> <span class='ocrx_word' id='word_1_73' title='bbox 660 924 720 981; x_wconf 85' lang='lat' dir='ltr'>uita</span> <span class='ocrx_word' id='word_1_74' title='bbox 732 925 814 981; x_wconf 90' lang='lat' dir='ltr'>mori.</span> <span class='ocrx_word' id='word_1_75' title='bbox 1255 983 1256 1000; x_wconf 19' lang='lat' dir='ltr'>p</span> 
     </span>
     <span class='ocr_line' id='line_1_12' title="bbox 200 1001 1256 1062; baseline 0.001 -3"><span class='ocrx_word' id='word_1_76' title='bbox 200 1003 266 1060; x_wconf 83' lang='lat' dir='ltr'>Nox</span> <span class='ocrx_word' id='word_1_77' title='bbox 279 1011 356 1062; x_wconf 81' lang='lat' dir='ltr'>erat:</span> <span class='ocrx_word' id='word_1_78' title='bbox 377 1012 443 1062; x_wconf 91' lang='lat' dir='ltr'>ante</span> <span class='ocrx_word' id='word_1_79' title='bbox 456 1011 548 1061; x_wconf 84' lang='lat' dir='ltr'>torum</span> <span class='ocrx_word' id='word_1_80' title='bbox 562 1003 622 1060; x_wconf 87' lang='lat' dir='ltr'>visa</span> <span class='ocrx_word' id='word_1_81' title='bbox 635 1010 679 1060; x_wconf 89' lang='lat' dir='ltr'>est</span> <span class='ocrx_word' id='word_1_82' title='bbox 692 1004 802 1060; x_wconf 86' lang='lat' dir='ltr'>adstare</span> <span class='ocrx_word' id='word_1_83' title='bbox 816 1002 919 1061; x_wconf 85' lang='lat' dir='ltr'>sororis</span> <span class='ocrx_word' id='word_1_84' title='bbox 1096 1006 1156 1060; x_wconf 88' lang='lat'>115</span> <span class='ocrx_word' id='word_1_85' title='bbox 1255 1001 1256 1052; x_wconf 70' lang='lat' dir='ltr'>t</span> 
     </span>
     <span class='ocr_line' id='line_1_13' title="bbox 241 1081 804 1159; baseline -0.002 -21"><span class='ocrx_word' id='word_1_86' title='bbox 241 1081 386 1158; x_wconf 87' lang='lat' dir='ltr'>Squalenti</span> <span class='ocrx_word' id='word_1_87' title='bbox 400 1081 475 1140; x_wconf 88' lang='lat' dir='ltr'>Dido</span> <span class='ocrx_word' id='word_1_88' title='bbox 488 1081 702 1159; x_wconf 81' lang='lat' dir='ltr'>sanguinolenta</span> <span class='ocrx_word' id='word_1_89' title='bbox 715 1100 804 1148; x_wconf 88' lang='lat' dir='ltr'>coma,</span> 
     </span>
     <span class='ocr_line' id='line_1_14' title="bbox 200 1157 1110 1236; baseline 0 -20"><span class='ocrx_word' id='word_1_90' title='bbox 200 1159 239 1216; x_wconf 85' lang='lat' dir='ltr'>Et</span> <span class='ocrx_word' id='word_1_91' title='bbox 260 1167 279 1192; x_wconf 91' lang='lat'><strong>“</strong></span> <span class='ocrx_word' id='word_1_92' title='bbox 287 1161 375 1236; x_wconf 83' lang='lat' dir='ltr'>Fuge,</span> <span class='ocrx_word' id='word_1_93' title='bbox 389 1179 425 1218; x_wconf 92' lang='lat' dir='ltr'>ne</span> <span class='ocrx_word' id='word_1_94' title='bbox 438 1160 546 1228; x_wconf 87' lang='lat' dir='ltr'>dubita,</span> <span class='ocrx_word' id='word_1_95' title='bbox 561 1168 696 1217; x_wconf 88' lang='lat' dir='ltr'>moestum</span> <span class='ocrx_word' id='word_1_96' title='bbox 709 1157 806 1236; x_wconf 54' lang='lat' dir='ltr'>fuge?</span> <span class='ocrx_word' id='word_1_97' title='bbox 822 1157 923 1229; x_wconf 87' lang='lat' dir='ltr'>dicere,</span> <span class='ocrx_word' id='word_1_98' title='bbox 938 1157 1110 1218; x_wconf 80' lang='lat' dir='ltr'>“tectum&#39;&#39;</span> 
     </span>
     <span class='ocr_line' id='line_1_15' title="bbox 240 1236 877 1316; baseline 0.002 -22"><span class='ocrx_word' id='word_1_99' title='bbox 240 1237 300 1296; x_wconf 87' lang='lat' dir='ltr'>Sub</span> <span class='ocrx_word' id='word_1_100' title='bbox 312 1240 428 1296; x_wconf 87' lang='lat' dir='ltr'>verbnm</span> <span class='ocrx_word' id='word_1_101' title='bbox 443 1238 573 1316; x_wconf 83' lang='lat' dir='ltr'>querulae</span> <span class='ocrx_word' id='word_1_102' title='bbox 585 1237 699 1314; x_wconf 83' lang='lat' dir='ltr'><strong>impulit</strong></span> <span class='ocrx_word' id='word_1_103' title='bbox 711 1256 780 1295; x_wconf 89' lang='lat' dir='ltr'>aura</span> <span class='ocrx_word' id='word_1_104' title='bbox 793 1236 877 1295; x_wconf 83' lang='lat' dir='ltr'>sores.</span> 
     </span>
     <span class='ocr_line' id='line_1_16' title="bbox 199 1314 874 1392; baseline 0.003 -20"><span class='ocrx_word' id='word_1_105' title='bbox 199 1314 311 1382; x_wconf 82' lang='lat' dir='ltr'>Exsilit,</span> <span class='ocrx_word' id='word_1_106' title='bbox 325 1324 354 1373; x_wconf 89' lang='lat' dir='ltr'>et</span> <span class='ocrx_word' id='word_1_107' title='bbox 365 1316 447 1374; x_wconf 87' lang='lat' dir='ltr'>velox</span> <span class='ocrx_word' id='word_1_108' title='bbox 462 1315 564 1374; x_wconf 89' lang='lat' dir='ltr'>humili</span> <span class='ocrx_word' id='word_1_109' title='bbox 577 1334 662 1392; x_wconf 87' lang='lat' dir='ltr'>snper</span> <span class='ocrx_word' id='word_1_110' title='bbox 674 1335 740 1373; x_wconf 87' lang='lat' dir='ltr'>arva</span> <span class='ocrx_word' id='word_1_111' title='bbox 751 1314 874 1374; x_wconf 79' lang='lat' dir='ltr'>fenestra</span> 
     </span>
     <span class='ocr_line' id='line_1_17' title="bbox 240 1393 1158 1472; baseline 0.001 -21"><span class='ocrx_word' id='word_1_112' title='bbox 240 1393 276 1452; x_wconf 83' lang='lat' dir='ltr'>Se</span> <span class='ocrx_word' id='word_1_113' title='bbox 286 1394 374 1472; x_wconf 84' lang='lat' dir='ltr'>jacit:</span> <span class='ocrx_word' id='word_1_114' title='bbox 396 1393 531 1452; x_wconf 79' lang='lat' dir='ltr'>audacem</span> <span class='ocrx_word' id='word_1_115' title='bbox 545 1395 648 1452; x_wconf 81' lang='lat' dir='ltr'>fecerat</span> <span class='ocrx_word' id='word_1_116' title='bbox 662 1393 723 1471; x_wconf 90' lang='lat' dir='ltr'>ipse</span> <span class='ocrx_word' id='word_1_117' title='bbox 737 1395 831 1452; x_wconf 88' lang='lat' dir='ltr'>timor.</span> <span class='ocrx_word' id='word_1_118' title='bbox 1095 1396 1158 1452; x_wconf 77' lang='lat'>120</span> 
     </span>
     <span class='ocr_line' id='line_1_18' title="bbox 200 1471 1010 1609; baseline 0.004 -80"><span class='ocrx_word' id='word_1_119' title='bbox 200 1471 411 1609; x_wconf 53' lang='lat' dir='ltr'>ngquetmepu</span> <span class='ocrx_word' id='word_1_120' title='bbox 423 1473 541 1608; x_wconf 45' lang='lat' dir='ltr'>appu?</span> <span class='ocrx_word' id='word_1_121' title='bbox 556 1473 652 1608; x_wconf 58' lang='lat' dir='ltr'>tupicp</span> <span class='ocrx_word' id='word_1_122' title='bbox 665 1472 756 1608; x_wconf 57' lang='lat' dir='ltr'>velapa</span> <span class='ocrx_word' id='word_1_123' title='bbox 768 1471 899 1607; x_wconf 44' lang='lat' dir='ltr'>{cincta</span> <span class='ocrx_word' id='word_1_124' title='bbox 1008 1528 1010 1532; x_wconf 83' lang='lat'><em>.</em></span> 
     </span>
     <span class='ocr_line' id='line_1_19' title="bbox 266 1570 814 1617; baseline 0 -9"><span class='ocrx_word' id='word_1_125' title='bbox 266 1570 423 1617; x_wconf 65' lang='lat' dir='ltr'>armna</span> <span class='ocrx_word' id='word_1_126' title='bbox 486 1571 619 1609; x_wconf 78' lang='lat' dir='ltr'>uerna</span> <span class='ocrx_word' id='word_1_127' title='bbox 652 1570 757 1608; x_wconf 88' lang='lat' dir='ltr'>amau</span> <span class='ocrx_word' id='word_1_128' title='bbox 807 1593 814 1608; x_wconf 92' lang='lat'><strong>.</strong></span> 
     </span>
     <span class='ocr_line' id='line_1_20' title="bbox 201 1570 949 1707; baseline 0 -21"><span class='ocrx_word' id='word_1_129' title='bbox 201 1628 337 1706; x_wconf 82' lang='lat' dir='ltr'>Corniger</span> <span class='ocrx_word' id='word_1_130' title='bbox 349 1629 423 1688; x_wconf 87' lang='lat' dir='ltr'>hanc</span> <span class='ocrx_word' id='word_1_131' title='bbox 436 1629 546 1707; x_wconf 85' lang='lat' dir='ltr'>cupidis</span> <span class='ocrx_word' id='word_1_132' title='bbox 561 1629 688 1706; x_wconf 80' lang='lat' dir='ltr'>rapuisse</span> <span class='ocrx_word' id='word_1_133' title='bbox 702 1570 851 1688; x_wconf 80' lang='lat' dir='ltr'>Nuriiicius</span> <span class='ocrx_word' id='word_1_134' title='bbox 865 1626 949 1686; x_wconf 84' lang='lat' dir='ltr'>undis</span> 
     </span>
     <span class='ocr_line' id='line_1_21' title="bbox 240 1707 798 1784; baseline 0 -20"><span class='ocrx_word' id='word_1_135' title='bbox 240 1707 381 1776; x_wconf 86' lang='lat' dir='ltr'>Creditur,</span> <span class='ocrx_word' id='word_1_136' title='bbox 397 1716 426 1767; x_wconf 88' lang='lat' dir='ltr'>et</span> <span class='ocrx_word' id='word_1_137' title='bbox 440 1708 547 1784; x_wconf 80' lang='lat' dir='ltr'>stagnis</span> <span class='ocrx_word' id='word_1_138' title='bbox 562 1707 715 1765; x_wconf 87' lang='lat' dir='ltr'>occuluisse</span> <span class='ocrx_word' id='word_1_139' title='bbox 729 1707 798 1764; x_wconf 88' lang='lat' dir='ltr'>suis.</span> 
     </span>
     <span class='ocr_line' id='line_1_22' title="bbox 201 1784 1155 1862; baseline 0.003 -21"><span class='ocrx_word' id='word_1_140' title='bbox 201 1784 313 1844; x_wconf 87' lang='lat' dir='ltr'>Sidonis</span> <span class='ocrx_word' id='word_1_141' title='bbox 327 1786 435 1844; x_wconf 88' lang='lat' dir='ltr'>interea</span> <span class='ocrx_word' id='word_1_142' title='bbox 447 1805 550 1862; x_wconf 81' lang='lat' dir='ltr'>magno</span> <span class='ocrx_word' id='word_1_143' title='bbox 564 1785 684 1844; x_wconf 89' lang='lat' dir='ltr'>clamore</span> <span class='ocrx_word' id='word_1_144' title='bbox 697 1804 843 1862; x_wconf 81' lang='lat' dir='ltr'>peragras</span> <span class='ocrx_word' id='word_1_145' title='bbox 1095 1789 1155 1844; x_wconf 80' lang='lat'>125</span> 
     </span>
     <span class='ocr_line' id='line_1_23' title="bbox 241 1862 949 1941; baseline 0 -21"><span class='ocrx_word' id='word_1_146' title='bbox 241 1863 394 1931; x_wconf 78' lang='lat' dir='ltr'>Quaeritur.</span> <span class='ocrx_word' id='word_1_147' title='bbox 436 1865 583 1941; x_wconf 89' lang='lat' dir='ltr'>Apparent</span> <span class='ocrx_word' id='word_1_148' title='bbox 597 1864 678 1940; x_wconf 78' lang='lat' dir='ltr'>sigua</span> <span class='ocrx_word' id='word_1_149' title='bbox 690 1873 820 1940; x_wconf 82' lang='lat' dir='ltr'>notaeque</span> <span class='ocrx_word' id='word_1_150' title='bbox 832 1862 949 1940; x_wconf 87' lang='lat' dir='ltr'>pedum.</span> 
     </span>
     <span class='ocr_line' id='line_1_24' title="bbox 204 1941 910 2018; baseline 0.001 -21"><span class='ocrx_word' id='word_1_151' title='bbox 204 1942 328 1999; x_wconf 87' lang='lat' dir='ltr'>Ventum</span> <span class='ocrx_word' id='word_1_152' title='bbox 341 1948 402 1999; x_wconf 88' lang='lat' dir='ltr'>erat</span> <span class='ocrx_word' id='word_1_153' title='bbox 415 1941 451 2000; x_wconf 89' lang='lat' dir='ltr'>ad</span> <span class='ocrx_word' id='word_1_154' title='bbox 464 1943 556 2018; x_wconf 82' lang='lat' dir='ltr'>ripas:</span> <span class='ocrx_word' id='word_1_155' title='bbox 577 1941 688 2000; x_wconf 87' lang='lat' dir='ltr'>inerunt</span> <span class='ocrx_word' id='word_1_156' title='bbox 701 1943 820 2018; x_wconf 86' lang='lat' dir='ltr'>vestigia</span> <span class='ocrx_word' id='word_1_157' title='bbox 832 1941 910 2018; x_wconf 88' lang='lat' dir='ltr'>ripis.</span> 
     </span>
     <span class='ocr_line' id='line_1_25' title="bbox 241 2019 850 2097; baseline 0.002 -20"><span class='ocrx_word' id='word_1_158' title='bbox 241 2019 382 2077; x_wconf 84' lang='lat' dir='ltr'>Sustinuit</span> <span class='ocrx_word' id='word_1_159' title='bbox 396 2021 494 2078; x_wconf 85' lang='lat' dir='ltr'>tacitas</span> <span class='ocrx_word' id='word_1_160' title='bbox 507 2021 636 2079; x_wconf 88' lang='lat' dir='ltr'>conscius</span> <span class='ocrx_word' id='word_1_161' title='bbox 651 2021 741 2077; x_wconf 86' lang='lat' dir='ltr'>amnis</span> <span class='ocrx_word' id='word_1_162' title='bbox 755 2039 850 2097; x_wconf 87' lang='lat' dir='ltr'>aquas.</span> 
     </span>
     <span class='ocr_line' id='line_1_26' title="bbox 201 2097 1008 2175; baseline 0.001 -21"><span class='ocrx_word' id='word_1_163' title='bbox 201 2097 270 2174; x_wconf 91' lang='lat' dir='ltr'>Ipsa</span> <span class='ocrx_word' id='word_1_164' title='bbox 282 2098 360 2174; x_wconf 91' lang='lat' dir='ltr'>loqui</span> <span class='ocrx_word' id='word_1_165' title='bbox 374 2097 432 2155; x_wconf 87' lang='lat' dir='ltr'>visa</span> <span class='ocrx_word' id='word_1_166' title='bbox 444 2106 496 2166; x_wconf 88' lang='lat' dir='ltr'>est,</span> <span class='ocrx_word' id='word_1_167' title='bbox 513 2106 531 2131; x_wconf 91' lang='grc'>“</span> <span class='ocrx_word' id='word_1_168' title='bbox 539 2100 655 2156; x_wconf 76' lang='lat' dir='ltr'>Placidi</span> <span class='ocrx_word' id='word_1_169' title='bbox 667 2119 725 2156; x_wconf 80' lang='lat' dir='ltr'>anm</span> <span class='ocrx_word' id='word_1_170' title='bbox 738 2099 861 2175; x_wconf 77' lang='lat' dir='ltr'>nympha</span> <span class='ocrx_word' id='word_1_171' title='bbox 873 2098 1008 2155; x_wconf 69' lang='lat' dir='ltr'>ii&#39;uma&#39;cir</span> 
     </span>
     <span class='ocr_line' id='line_1_27' title="bbox 241 2177 929 2254; baseline 0 -20"><span class='ocrx_word' id='word_1_172' title='bbox 241 2179 330 2234; x_wconf 80' lang='lat' dir='ltr'>Amne</span> <span class='ocrx_word' id='word_1_173' title='bbox 337 2196 461 2254; x_wconf 80' lang='lat' dir='ltr'>perenne</span> <span class='ocrx_word' id='word_1_174' title='bbox 474 2179 566 2236; x_wconf 76' lang='lat' dir='ltr'>latam</span> <span class='ocrx_word' id='word_1_175' title='bbox 579 2178 661 2236; x_wconf 82' lang='lat' dir='ltr'>Auno</span> <span class='ocrx_word' id='word_1_176' title='bbox 674 2178 805 2235; x_wconf 82' lang='lat' dir='ltr'>Perenna</span> <span class='ocrx_word' id='word_1_177' title='bbox 818 2177 929 2235; x_wconf 87' lang='lat' dir='ltr'>vocor.’&#39;</span> 
     </span>
    </p>
   </div>
   <div class='ocr_carea' id='block_1_3' title="bbox 391 2413 861 2604">
    <p class='ocr_par' dir='ltr' id='par_1_3' title="bbox 391 2413 861 2604">
     <span class='ocr_line' id='line_1_28' title="bbox 575 2413 727 2473; baseline -0.007 -1"><span class='ocrx_word' id='word_1_178' title='bbox 575 2413 727 2473; x_wconf 81' lang='lat' dir='ltr'><strong>MACRO.</strong></span> 
     </span>
     <span class='ocr_line' id='line_1_29' title="bbox 391 2537 861 2604; baseline -0.002 -13"><span class='ocrx_word' id='word_1_179' title='bbox 391 2537 393 2540; x_wconf 66' lang='grc'><strong>’</strong></span> <span class='ocrx_word' id='word_1_180' title='bbox 466 2541 513 2604; x_wconf 86' lang='lat' dir='ltr'>[Ex</span> <span class='ocrx_word' id='word_1_181' title='bbox 523 2541 608 2599; x_wconf 87' lang='lat' dir='ltr'>Ponto,</span> <span class='ocrx_word' id='word_1_182' title='bbox 620 2542 660 2590; x_wconf 88' lang='lat' dir='ltr'>lib.</span> <span class='ocrx_word' id='word_1_183' title='bbox 672 2543 696 2590; x_wconf 90' lang='lat' dir='ltr'>ii.</span> <span class='ocrx_word' id='word_1_184' title='bbox 708 2542 777 2604; x_wconf 88' lang='lat' dir='ltr'>epist.</span> <span class='ocrx_word' id='word_1_185' title='bbox 791 2542 841 2604; x_wconf 83' lang='lat' dir='ltr'>lu]</span> <span class='ocrx_word' id='word_1_186' title='bbox 857 2592 861 2598; x_wconf 78' lang='grc'><em>,</em></span> 
     </span>
    </p>
   </div>
   <div class='ocr_carea' id='block_1_4' title="bbox 203 2653 1005 3592">
    <p class='ocr_par' dir='ltr' id='par_1_4' title="bbox 204 2653 949 2800">
     <span class='ocr_line' id='line_1_30' title="bbox 204 2653 949 2732; baseline 0.003 -22"><span class='ocrx_word' id='word_1_187' title='bbox 204 2653 313 2730; x_wconf 86' lang='lat' dir='ltr'>Ecquid</span> <span class='ocrx_word' id='word_1_188' title='bbox 327 2655 361 2712; x_wconf 90' lang='lat' dir='ltr'>ab</span> <span class='ocrx_word' id='word_1_189' title='bbox 375 2654 520 2732; x_wconf 71' lang='lat' dir='ltr'>impressas</span> <span class='ocrx_word' id='word_1_190' title='bbox 534 2655 679 2732; x_wconf 75' lang='lat' dir='ltr'>cognoscis</span> <span class='ocrx_word' id='word_1_191' title='bbox 692 2655 814 2732; x_wconf 83' lang='lat' dir='ltr'>imagine</span> <span class='ocrx_word' id='word_1_192' title='bbox 828 2673 949 2732; x_wconf 83' lang='lat' dir='ltr'>gemmae</span> 
     </span>
     <span class='ocr_line' id='line_1_31' title="bbox 243 2731 912 2800; baseline 0 -10"><span class='ocrx_word' id='word_1_193' title='bbox 243 2732 317 2790; x_wconf 87' lang='lat' dir='ltr'>Haec</span> <span class='ocrx_word' id='word_1_194' title='bbox 330 2733 382 2790; x_wconf 90' lang='lat' dir='ltr'>tibi</span> <span class='ocrx_word' id='word_1_195' title='bbox 396 2733 539 2790; x_wconf 85' lang='lat' dir='ltr'>Nasonem</span> <span class='ocrx_word' id='word_1_196' title='bbox 551 2734 671 2792; x_wconf 83' lang='lat' dir='ltr'>scribere</span> <span class='ocrx_word' id='word_1_197' title='bbox 684 2735 776 2800; x_wconf 89' lang='lat' dir='ltr'>verba,</span> <span class='ocrx_word' id='word_1_198' title='bbox 793 2734 890 2791; x_wconf 88' lang='lat' dir='ltr'>Macer</span> <span class='ocrx_word' id='word_1_199' title='bbox 901 2731 912 2790; x_wconf 81' lang='lat' dir='ltr'>i</span> 
     </span>
    </p>

    <p class='ocr_par' dir='ltr' id='par_1_5' title="bbox 203 2810 862 2964">
     <span class='ocr_line' id='line_1_32' title="bbox 203 2810 856 2888; baseline 0.002 -21"><span class='ocrx_word' id='word_1_200' title='bbox 203 2810 391 2888; x_wconf 89' lang='lat' dir='ltr'>Auctorisque</span> <span class='ocrx_word' id='word_1_201' title='bbox 406 2812 451 2868; x_wconf 91' lang='lat' dir='ltr'>sui</span> <span class='ocrx_word' id='word_1_202' title='bbox 464 2812 488 2868; x_wconf 89' lang='lat' dir='ltr'>si</span> <span class='ocrx_word' id='word_1_203' title='bbox 501 2831 558 2869; x_wconf 89' lang='lat' dir='ltr'>non</span> <span class='ocrx_word' id='word_1_204' title='bbox 571 2820 615 2869; x_wconf 84' lang='lat' dir='ltr'>est</span> <span class='ocrx_word' id='word_1_205' title='bbox 628 2812 748 2870; x_wconf 85' lang='lat' dir='ltr'>annulus</span> <span class='ocrx_word' id='word_1_206' title='bbox 760 2812 856 2880; x_wconf 83' lang='lat' dir='ltr'>index,</span> 
     </span>
     <span class='ocr_line' id='line_1_33' title="bbox 245 2888 862 2964; baseline 0.006 -20"><span class='ocrx_word' id='word_1_207' title='bbox 245 2889 401 2964; x_wconf 77' lang='lat' dir='ltr'>cognitane</span> <span class='ocrx_word' id='word_1_208' title='bbox 415 2898 458 2947; x_wconf 88' lang='lat' dir='ltr'>est</span> <span class='ocrx_word' id='word_1_209' title='bbox 469 2897 565 2948; x_wconf 87' lang='lat' dir='ltr'>nostra</span> <span class='ocrx_word' id='word_1_210' title='bbox 577 2890 658 2948; x_wconf 90' lang='lat' dir='ltr'>litera</span> <span class='ocrx_word' id='word_1_211' title='bbox 670 2891 745 2947; x_wconf 85' lang='lat' dir='ltr'>facta</span> <span class='ocrx_word' id='word_1_212' title='bbox 757 2888 862 2948; x_wconf 84' lang='lat' dir='ltr'>manui</span> 
     </span>
    </p>

    <p class='ocr_par' dir='ltr' id='par_1_6' title="bbox 204 2965 934 3123">
     <span class='ocr_line' id='line_1_34' title="bbox 204 2965 934 3047; baseline 0.004 -24"><span class='ocrx_word' id='word_1_213' title='bbox 204 2966 253 3024; x_wconf 89' lang='lat' dir='ltr'>An</span> <span class='ocrx_word' id='word_1_214' title='bbox 267 2967 319 3024; x_wconf 90' lang='lat' dir='ltr'>tibi</span> <span class='ocrx_word' id='word_1_215' title='bbox 331 2968 460 3026; x_wconf 90' lang='lat' dir='ltr'>notitiam</span> <span class='ocrx_word' id='word_1_216' title='bbox 472 2987 552 3026; x_wconf 86' lang='lat' dir='ltr'>mora</span> <span class='ocrx_word' id='word_1_217' title='bbox 565 2969 699 3047; x_wconf 84' lang='lat' dir='ltr'>temporis</span> <span class='ocrx_word' id='word_1_218' title='bbox 714 2969 797 3044; x_wconf 90' lang='lat' dir='ltr'>eripit</span> <span class='ocrx_word' id='word_1_219' title='bbox 809 2968 911 3026; x_wconf 89' lang='lat' dir='ltr'>horum</span> <span class='ocrx_word' id='word_1_220' title='bbox 922 2965 934 3026; x_wconf 73' lang='lat' dir='ltr'>i</span> 
     </span>
     <span class='ocr_line' id='line_1_35' title="bbox 246 3045 835 3123; baseline 0.003 -21"><span class='ocrx_word' id='word_1_221' title='bbox 246 3045 308 3103; x_wconf 90' lang='lat' dir='ltr'>Nec</span> <span class='ocrx_word' id='word_1_222' title='bbox 321 3055 452 3122; x_wconf 88' lang='lat' dir='ltr'>repetunt</span> <span class='ocrx_word' id='word_1_223' title='bbox 465 3047 539 3104; x_wconf 87' lang='lat' dir='ltr'>oculi</span> <span class='ocrx_word' id='word_1_224' title='bbox 552 3047 633 3123; x_wconf 85' lang='lat' dir='ltr'>signa</span> <span class='ocrx_word' id='word_1_225' title='bbox 645 3054 757 3104; x_wconf 86' lang='lat' dir='ltr'>vetusta</span> <span class='ocrx_word' id='word_1_226' title='bbox 770 3045 835 3104; x_wconf 78' lang='lat' dir='ltr'>tui?</span> 
     </span>
    </p>

    <p class='ocr_par' dir='ltr' id='par_1_7' title="bbox 208 3123 929 3260">
     <span class='ocr_line' id='line_1_36' title="bbox 208 3123 929 3202; baseline 0.001 -22"><span class='ocrx_word' id='word_1_227' title='bbox 208 3123 252 3180; x_wconf 87' lang='lat' dir='ltr'>Sis</span> <span class='ocrx_word' id='word_1_228' title='bbox 265 3123 330 3182; x_wconf 89' lang='lat' dir='ltr'>licet</span> <span class='ocrx_word' id='word_1_229' title='bbox 343 3125 447 3181; x_wconf 85' lang='lat' dir='ltr'>oblitus</span> <span class='ocrx_word' id='word_1_230' title='bbox 461 3125 565 3202; x_wconf 89' lang='lat' dir='ltr'>pariter</span> <span class='ocrx_word' id='word_1_231' title='bbox 578 3145 751 3202; x_wconf 82' lang='lat' dir='ltr'>gemmaeque</span> <span class='ocrx_word' id='word_1_232' title='bbox 766 3143 929 3202; x_wconf 86' lang='lat' dir='ltr'>manusque,</span> 
     </span>
     <span class='ocr_line' id='line_1_37' title="bbox 247 3202 787 3260; baseline 0.004 -2"><span class='ocrx_word' id='word_1_233' title='bbox 247 3202 391 3260; x_wconf 88' lang='lat' dir='ltr'>Exciderit</span> <span class='ocrx_word' id='word_1_234' title='bbox 404 3211 515 3260; x_wconf 87' lang='lat' dir='ltr'>tontum</span> <span class='ocrx_word' id='word_1_235' title='bbox 529 3221 564 3260; x_wconf 89' lang='lat' dir='ltr'>ne</span> <span class='ocrx_word' id='word_1_236' title='bbox 578 3204 629 3260; x_wconf 91' lang='lat' dir='ltr'>tibi</span> <span class='ocrx_word' id='word_1_237' title='bbox 642 3223 709 3260; x_wconf 88' lang='lat' dir='ltr'>cura</span> <span class='ocrx_word' id='word_1_238' title='bbox 722 3204 787 3260; x_wconf 89' lang='lat' dir='ltr'>mei.</span> 
     </span>
    </p>

    <p class='ocr_par' dir='ltr' id='par_1_8' title="bbox 208 3279 852 3438">
     <span class='ocr_line' id='line_1_38' title="bbox 208 3279 852 3358; baseline 0.003 -22"><span class='ocrx_word' id='word_1_239' title='bbox 208 3279 301 3347; x_wconf 81' lang='lat' dir='ltr'>Quam</span> <span class='ocrx_word' id='word_1_240' title='bbox 315 3289 348 3338; x_wconf 89' lang='lat' dir='ltr'>tu</span> <span class='ocrx_word' id='word_1_241' title='bbox 360 3281 404 3339; x_wconf 89' lang='lat' dir='ltr'>vel</span> <span class='ocrx_word' id='word_1_242' title='bbox 417 3281 494 3358; x_wconf 83' lang='lat' dir='ltr'>longi</span> <span class='ocrx_word' id='word_1_243' title='bbox 507 3281 591 3338; x_wconf 89' lang='lat' dir='ltr'>debes</span> <span class='ocrx_word' id='word_1_244' title='bbox 606 3282 778 3340; x_wconf 83' lang='lat' dir='ltr'>convictibus</span> <span class='ocrx_word' id='word_1_245' title='bbox 791 3281 852 3351; x_wconf 86' lang='lat' dir='ltr'>aevi,</span> 
     </span>
     <span class='ocr_line' id='line_1_39' title="bbox 248 3357 838 3438; baseline 0.008 -25"><span class='ocrx_word' id='word_1_246' title='bbox 248 3357 301 3416; x_wconf 86' lang='lat' dir='ltr'>Vel</span> <span class='ocrx_word' id='word_1_247' title='bbox 314 3379 377 3418; x_wconf 90' lang='lat' dir='ltr'>mea</span> <span class='ocrx_word' id='word_1_248' title='bbox 389 3359 465 3438; x_wconf 88' lang='lat' dir='ltr'>quod</span> <span class='ocrx_word' id='word_1_249' title='bbox 479 3360 581 3437; x_wconf 83' lang='lat' dir='ltr'>conjux</span> <span class='ocrx_word' id='word_1_250' title='bbox 593 3380 650 3417; x_wconf 92' lang='lat' dir='ltr'>non</span> <span class='ocrx_word' id='word_1_251' title='bbox 664 3361 754 3418; x_wconf 86' lang='lat' dir='ltr'>aliena</span> <span class='ocrx_word' id='word_1_252' title='bbox 766 3361 818 3418; x_wconf 91' lang='lat' dir='ltr'>tibi</span> <span class='ocrx_word' id='word_1_253' title='bbox 829 3385 838 3429; x_wconf 91' lang='lat'>;</span> 
     </span>
    </p>

    <p class='ocr_par' dir='ltr' id='par_1_9' title="bbox 210 3436 1005 3592">
     <span class='ocr_line' id='line_1_40' title="bbox 210 3436 1005 3516; baseline 0.005 -23"><span class='ocrx_word' id='word_1_254' title='bbox 210 3436 263 3494; x_wconf 89' lang='lat' dir='ltr'>Vel</span> <span class='ocrx_word' id='word_1_255' title='bbox 278 3438 387 3506; x_wconf 87' lang='lat' dir='ltr'>studiis,</span> <span class='ocrx_word' id='word_1_256' title='bbox 403 3439 505 3515; x_wconf 87' lang='lat' dir='ltr'>quibus</span> <span class='ocrx_word' id='word_1_257' title='bbox 519 3458 558 3505; x_wconf 90' lang='lat' dir='ltr'>es,</span> <span class='ocrx_word' id='word_1_258' title='bbox 574 3458 658 3514; x_wconf 86' lang='lat' dir='ltr'>quam</span> <span class='ocrx_word' id='word_1_259' title='bbox 672 3459 733 3508; x_wconf 90' lang='lat' dir='ltr'>nos,</span> <span class='ocrx_word' id='word_1_260' title='bbox 748 3438 903 3516; x_wconf 89' lang='lat' dir='ltr'>sapientius</span> <span class='ocrx_word' id='word_1_261' title='bbox 916 3457 1005 3509; x_wconf 85' lang='lat' dir='ltr'>usus;</span> 
     </span>
     <span class='ocr_line' id='line_1_41' title="bbox 250 3515 896 3592; baseline 0.003 -21"><span class='ocrx_word' id='word_1_262' title='bbox 250 3515 346 3592; x_wconf 89' lang='lat' dir='ltr'>thue</span> <span class='ocrx_word' id='word_1_263' title='bbox 360 3517 448 3584; x_wconf 88' lang='lat' dir='ltr'>decet,</span> <span class='ocrx_word' id='word_1_264' title='bbox 463 3515 540 3574; x_wconf 89' lang='lat' dir='ltr'>nulla</span> <span class='ocrx_word' id='word_1_265' title='bbox 552 3517 643 3573; x_wconf 85' lang='lat' dir='ltr'>faetus</span> <span class='ocrx_word' id='word_1_266' title='bbox 657 3536 686 3574; x_wconf 86' lang='lat' dir='ltr'>es</span> <span class='ocrx_word' id='word_1_267' title='bbox 700 3518 770 3575; x_wconf 78' lang='lat' dir='ltr'>Arte</span> <span class='ocrx_word' id='word_1_268' title='bbox 783 3535 896 3575; x_wconf 84' lang='lat' dir='ltr'>nocens.</span> 
     </span>
    </p>
   </div>
   <div class='ocr_carea' id='block_1_5' title="bbox 0 0 1274 4172">
    <p class='ocr_par' dir='ltr' id='par_1_10' title="bbox 0 0 1274 4172">
     <span class='ocr_line' id='line_1_42' title="bbox 0 0 1274 4172; baseline 0 0"><span class='ocrx_word' id='word_1_269' title='bbox 0 0 1274 4172; x_wconf 95' lang='lat' dir='ltr'> </span> 
     </span>
    </p>
   </div>
  </div>
 </body>
</html>
