2534 4172
492 215 520 256 P.
542 215 650 258 ovim!
672 215 811 257 NASONIS

80 199 300 496 obl

182 541 186 548 -
211 497 385 560 JUNONIS
404 494 569 558 ARGIVAE
588 497 697 556 APUD
718 499 907 560 FALISCOS
927 498 1101 560 FESTUM.

202 677 276 738 Cum
289 679 360 738 mihi
372 677 516 756 pomiferis
529 680 631 758 conjux
643 680 716 740 foret
729 687 791 738 orta
804 677 937 748 Faliscis3

240 757 349 816 Moenia
361 757 531 834 contigimus
544 759 627 826 victa,
642 758 769 825 camille,
783 757 845 818 tibi.

201 833 287 894 Casta
300 835 456 894 sacerdotes
469 835 489 893 J
490 837 576 894 unoni
588 837 661 895 festa
673 837 810 914 parabant

241 914 295 972 Per
307 913 429 972 celebres
441 913 524 971 ludos
537 915 750 992 indigenamque
763 913 874 971 bovem.

202 991 314 1050 Grande
327 1011 414 1049 morae
428 991 548 1067 pretium
563 993 634 1050 ritus
648 1010 830 1068 cognoscere:
852 989 979 1067 quamvis
1132 996 1150 1048 5

241 1069 369 1129 Difficilis
382 1069 460 1127 clivis
474 1070 531 1127 buc
544 1071 588 1127 via
600 1071 708 1146 praebet
721 1069 783 1126 iter.

202 1147 265 1206 Stat
278 1156 367 1215 vetus,
382 1154 411 1204 et
423 1146 510 1204 densa
522 1148 696 1224 praenubilus
710 1147 806 1204 arbore
819 1145 910 1206 lucus.
952 1212 955 1216 ¹

240 1225 361 1301 Aspice:
382 1223 517 1283 concedes
531 1245 635 1283 numen
648 1225 738 1282 inesse
751 1225 822 1282 loco.

202 1303 312 1378 Accipit
325 1321 373 1359 ara
385 1321 481 1378 preces
493 1305 638 1379 votivaque
652 1310 715 1360 tura
728 1301 838 1378 piorum
849 1325 857 1369 ;

241 1380 299 1437 Ara
311 1399 362 1456 per
375 1379 503 1455 antiquas
517 1381 591 1438 facta
603 1381 662 1438 sine
675 1388 734 1438 arte
748 1399 858 1438 manus.

204 1458 279 1516 Hinc
292 1457 341 1515 ubi
353 1458 506 1533 praesonuit
519 1457 646 1516 sollemni
659 1457 728 1515 tibia
741 1466 844 1525 cantu;

242 1537 270 1592 It
283 1555 333 1612 per
345 1536 449 1592 velatas
463 1554 556 1594 annuo
568 1551 672 1613 pompa
684 1536 753 1592 vias.

206 1615 352 1671 Ducuntur
364 1613 461 1680 uiveae,
476 1614 580 1690 populo
594 1613 753 1689 plaudente,
765 1612 903 1690 juvencae,

242 1692 319 1758 Quas
333 1691 402 1748 aluit
415 1691 520 1768 eampis
533 1691 621 1750 herba
635 1691 742 1749 Falisca
755 1691 830 1750 suis:

205 1769 240 1826 Et
253 1769 333 1826 vituli
346 1768 471 1826 nondum
485 1769 635 1827 metuenda
648 1769 739 1825 fronte
752 1769 882 1834 minaces,

241 1847 279 1902 Et
292 1847 383 1904 minor
396 1865 431 1904 ex
443 1846 544 1904 humili
556 1847 670 1904 victima
682 1865 783 1922 porcus
797 1845 883 1902 hami

206 1925 324 2000 Duxque
337 1925 429 2001 gregis
443 1944 530 1981 cornu
544 1945 594 2003 per
607 1932 733 2000 tempora
746 1923 816 1980 dura
828 1941 953 1984 recurvo.

241 2002 337 2060 Invisa
350 2011 393 2059 est
406 2003 528 2060 dominae
541 2002 600 2061 sola
613 2002 719 2078 capella
733 2003 810 2058 Deae.

203 2079 284 2136 lllius
297 2079 399 2137 indicio
414 2079 490 2137 silvis
503 2081 617 2138 inventa
630 2081 683 2137 sub
697 2078 761 2136 altis

241 2156 353 2214 Dicitur
365 2157 504 2233 inceptam
518 2158 677 2216 destituisse
692 2158 797 2233 fugam.

203 2235 289 2292 Nunc
302 2255 411 2312 quoque
422 2255 472 2312 per
485 2255 585 2312 pueros
595 2236 696 2314 jaculis
709 2235 856 2292 incessitur
869 2232 971 2290 index:

242 2313 280 2369 Et
293 2314 414 2388 pretium
428 2315 534 2372 auctori
548 2313 667 2371 vulneris
681 2314 742 2388 ipsa
756 2313 848 2368 datur.

204 2390 269 2457 Qua
279 2399 395 2448 ventura
408 2392 469 2448 Dea
482 2405 534 2460 est,
546 2392 661 2469 juvenes
674 2391 833 2466 timidaeque
848 2388 948 2467 puellae

243 2469 421 2526 Praeverrunt
434 2469 504 2527 latas
518 2480 595 2527 veste
605 2469 716 2546 jacente
730 2469 797 2527 vias.

203 2546 328 2624 Virginei
341 2547 431 2604 crines
444 2567 511 2605 auro
524 2567 688 2625 gemmaque
702 2555 868 2622 premuntur
879 2568 888 2611 ;

242 2626 281 2682 Et
295 2627 364 2701 tegit
377 2634 488 2682 auratos
502 2626 576 2702 pella
589 2625 708 2700 superba
722 2623 816 2700 pedes.

204 2703 286 2761 More
300 2712 411 2777 patrum
426 2702 511 2761 Graio
524 2703 622 2760 velatae
636 2703 758 2759 vestibus
770 2701 840 2760 albis

242 2781 358 2838 Tradita
371 2781 516 2857 supposito
529 2782 631 2838 vertice
646 2799 723 2837 sacra
736 2779 839 2836 ferunt.

205 2859 262 2918 Ore
275 2859 369 2915 favent
382 2859 487 2934 populi,
503 2867 570 2916 tunc
583 2879 647 2916 cum
661 2858 738 2915 venit
752 2875 835 2914 aurea
847 2874 949 2931 pompa
962 2876 969 2910 z

245 2937 311 3013 Ipsa
324 2935 481 2994 sacerdotes
495 2936 728 3013 subsequiturque
743 2954 817 2991 suas.

204 3014 310 3092 Argiva
322 3022 365 3070 est
379 3033 491 3091 pompae
503 3014 603 3082 facies;
624 3013 835 3090 Agamemnone
848 3028 928 3076 caeso,

243 3093 282 3149 Et
295 3091 385 3149 scelus
398 3100 427 3149 et
440 3091 543 3168 patrias
556 3092 629 3168 fugit
642 3091 764 3148 Halesus
778 3109 855 3164 opes.

206 3169 326 3246 Jamque
339 3170 487 3245 pererratis
499 3169 635 3246 profugus
648 3176 777 3243 terraque
790 3169 925 3243 fretoque,

244 3247 353 3305 Moenia
365 3246 440 3305 felici
452 3246 577 3304 condidit
589 3247 645 3304 alta
657 3265 752 3302 manu.

206 3324 259 3382 Ille
269 3344 335 3382 suos
347 3324 444 3382 'docuit
457 3325 476 3383 J
478 3324 580 3382 unonia
593 3343 671 3382 sacra
684 3322 823 3380 Faliscos:

245 3401 308 3459 Sint
320 3402 399 3472 mihi,
414 3403 471 3460 sint
483 3403 588 3480 populo
602 3420 712 3479 semper
724 3400 814 3458 amica
827 3417 888 3458 suo.
1048 3473 1053 3480 ι
