2534 4172
531 249 690 292 clamne.

153 383 318 460 Impan'bus
330 387 425 440 temen
438 400 468 440 es
481 381 604 440 numeris
617 382 732 460 dignate
744 381 861 442 moveri.

195 463 232 520 In
245 480 290 519 me
303 461 436 538 pugnasti
448 461 574 520 versibus
587 480 638 518 use
651 460 731 518 meis.

153 540 224 598 Non
237 558 289 616 ego
302 537 467 596 contulerim
482 538 612 596 sublimis
625 537 747 596 mnnine
759 536 882 596 nostris:

195 618 299 676 Obruit
312 615 427 694 exiguru
441 617 517 693 regie
528 624 622 675 vestre
634 616 718 674 fores.

155 693 226 754 Sum
238 694 325 762 levis3
347 704 375 752 et
388 713 498 752 mecum
512 694 581 753 levis
594 703 646 762 est,
661 711 811 762 insecura,
826 692 948 772 Cupido.

195 773 262 831 Nun
275 791 339 830 sum
352 773 470 829 materis
482 772 580 830 fortior
592 771 654 847 ipse
668 791 738 830 mea.

154 850 251 908 Prima
263 859 322 908 tuse
336 851 410 907 mcvi
422 849 513 908 felicia
525 851 632 909 semina
644 849 757 908 mentis.

196 929 304 986 Munus
317 927 412 995 hebet,
427 927 502 1004 quod
512 927 610 1004 tejam
624 928 704 1004 petit,
718 927 773 986 iste
786 928 911 988 mcum.'‘

155 1006 314 1064 Desierant.
355 1005 453 1082 Coepi:
478 1006 560 1063 “Per
573 1025 622 1063 vos
636 1013 783 1083 utrumque
795 1026 936 1085 rogemus,

197 1084 233 1141 ln
245 1102 346 1141 vacuus
359 1101 439 1140 eures
452 1083 538 1142 verbe
550 1083 676 1141 timentis
689 1093 764 1142 eunt.

154 1161 255 1219 'Altera
268 1180 313 1218 me
326 1170 437 1238 sceptro
450 1161 575 1226 decoras
589 1161 700 1238 altoque
714 1163 861 1222 cothurno.

197 1239 229 1316 (J
231 1259 276 1297 em
290 1259 365 1297 nunc
378 1248 507 1297 contactu
521 1259 639 1316 mugnus
651 1239 680 1296 in
694 1259 741 1298 ore
755 1243 850 1318 eonor)

155 1317 254 1376 Altera
268 1317 317 1374 des
331 1326 428 1375 nostro
441 1317 580 1374 victurum
593 1336 695 1376 nomen
709 1319 807 1376 emori.

195 1395 272 1471 Ergo
285 1395 360 1463 ades,
375 1403 404 1453 et
417 1395 507 1470 longis
520 1395 645 1454 versibus
658 1395 729 1453 udde
743 1397 851 1456 brevest

155 1473 297 1550 Exiguum
311 1473 368 1530 veti
380 1472 509 1541 concede,
523 1473 680 1549 lrcgoedin,
695 1481 824 1550 tempusr

194 1551 240 1608 'lu
252 1550 330 1608 labor
343 1561 483 1608 aeternus:
505 1551 581 1627 quod
594 1553 665 1628 petit
678 1551 735 1619 illc,
750 1553 832 1611 breve
842 1549 915 1610 estt'

154 1629 239 1686 Motu
251 1628 329 1686 dedit
342 1629 469 1696 veniem3
490 1629 580 1686 teneri
591 1638 775 1706 properentur
787 1649 904 1700 emeres,

195 1707 272 1764 Dum
284 1715 383 1764 vacat:
405 1725 422 1763 e
434 1715 514 1784 tergo
527 1707 661 1784 grandius
674 1715 755 1784 urget
769 1727 850 1785 opus.

39 1924 185 2048 ΜΛΝ
202 1857 266 1994 ll(
383 1979 438 2036 nn
458 1979 637 2040 nncnun
658 1981 835 2042 POETAM.

155 2157 277 2217 Carmen
290 2155 326 2214 nd
338 2155 440 2214 iratum
456 2157 522 2214 dum
537 2164 569 2214 tu
582 2158 713 2234 producis
725 2159 857 2217 Achillen

195 2236 345 2312 Primaque
354 2235 457 2312 juretis
470 2234 565 2292 induis
579 2256 656 2294 nrme
669 2237 734 2294 viris
746 2261 754 2304 3

154 2315 227 2381 Nos,
242 2314 347 2380 Macer,
362 2313 470 2387 ignavae
483 2313 601 2370 Veneris
614 2333 755 2371 cessamus
768 2315 797 2371 in
810 2315 929 2374 umbrcr

194 2391 233 2448 Et
247 2387 455 2448 tener'liusuros
469 2391 585 2466 grandis
598 2392 703 2468 frangit
716 2395 813 2451 Amor.

156 2469 238 2546 Saepe
251 2488 330 2536 mese,
348 2475 365 2500 “
377 2468 534 2535 Tandem?
550 2469 616 2534 dixi,
633 2477 652 2502 “
663 2471 804 2538 discede‚”
820 2471 940 2549 puellaer

196 2547 231 2604 ln
245 2546 351 2623 gremio
364 2547 436 2603 sedit
449 2547 578 2623 protinus
591 2548 639 2604 ille
651 2567 723 2605 meo.

157 2625 239 2700 Scepe
255 2632 273 2656 “
284 2624 402 2692 Pudet,''
418 2624 493 2682 dixi:
515 2625 635 2682 lacrimis
649 2624 694 2682 vix
707 2626 763 2682 illce
777 2626 902 2693 retentis,

197 2708 216 2734 “
225 2702 276 2759 Me
290 2703 418 2759 miserem
429 2702 435 2758 l
446 2699 512 2779 'jem
526 2704 585 2770 te,’'
602 2703 681 2770 dixit,
699 2711 820 2761 “cmure
833 2704 942 2782 pudet.'

155 2780 278 2848 Vincor;
300 2788 328 2837 et
341 2780 483 2856 ingenium
499 2781 619 2856 sumptis
634 2790 778 2839 revocatur
791 2782 827 2839 ab
840 2783 941 2842 ermisr

195 2859 308 2932 Resque
321 2857 397 2915 domi
410 2865 514 2934 gestas,
529 2867 557 2915 et
570 2878 633 2917 mec
646 2859 726 2926 belle,
742 2879 821 2918 canc.

156 2935 273 3012 Sceptra
286 2942 380 2992 tamen
393 2936 517 3012 sumpsit
539 2955 659 3012 curaque
672 2937 823 3012 Trngoedic
834 2947 930 3000 nostru

196 3014 299 3081 Crevit,
315 3021 343 3070 et
355 3013 423 3081 huic
436 3013 515 3089 operi
527 3014 681 3090 quemlibet
693 3026 776 3090 aptus
790 3035 875 3073 eram.

156 3091 230 3148 Risit
244 3092 341 3159 Amor,
356 3091 515 3168 pallamque
528 3111 628 3159 mecm,
643 3091 788 3169 pictosque
801 3093 955 3152 cothurnos

97 3179 99 3184 '
196 3168 366 3246 Sceptraque
380 3170 488 3245 privata
501 3176 558 3225 tam
572 3170 643 3226 bene
656 3181 768 3246 sumptu
781 3190 876 3228 manu.

157 3245 233 3304 Hinc
246 3265 357 3323 quoque
370 3267 414 3304 me
428 3246 549 3304 dominae
562 3266 666 3304 numen
679 3247 796 3305 deduxit
809 3248 930 3324 iniquae:

197 3324 240 3382 De
259 3343 295 3382 ue
307 3324 476 3382 cothurnato
489 3332 552 3381 vate
565 3324 722 3400 triumphet
735 3325 832 3382 Amor.

157 3345 328 3469 Quodlicet
340 3410 388 3459 eut
401 3392 486 3460 Artes
500 3401 589 3458 teneri
602 3403 766 3478 profitemur
779 3401 911 3460 Amcrise

197 3479 269 3554 (Hei
282 3479 367 3536 mihil
388 3480 539 3557 praeceptis
552 3498 652 3556 urgeor
665 3479 726 3555 ipse
739 3479 834 3553 meis.)

157 3554 226 3624 Aut,
241 3556 315 3633 quod
330 3557 483 3634 Penelopes
497 3557 588 3614 verbis
601 3556 734 3614 reddetur
748 3557 826 3616 Ulixi

197 3633 367 3705 Scribimue3
388 3644 438 3693 eut
450 3633 588 3699 lacrimas,
600 3633 695 3710 Phylli
707 3635 812 3706 relicta,
826 3643 899 3696 tun.

924 3733 944 3772 n
964 3717 984 3771 3
