2486 4172
279 1561 298 1578 ν

200 1575 302 1706 7:13

516 186 546 229 0·
564 187 696 228 vsLsRu
718 187 855 229 CATULH

352 320 407 379 Sed
420 321 621 380 circumsiliens
634 322 719 380 modo
729 321 794 390 huc,
809 321 895 382 modo
907 323 984 394 illuc,

350 399 398 458 Ad
412 400 499 458 solum
513 400 656 458 dominum
671 420 760 478 usque
773 401 921 479 pipilubut.

352 477 410 546 Qui
422 499 497 536 nune
510 480 533 537 it
547 498 597 557 per
609 479 663 538 iter
676 479 893 549 tenebricosum,

351 556 433 625 Illuc,
444 557 520 616 uude
533 565 637 635 negant
651 557 740 616 redire
754 578 934 636 quemquam.

350 635 391 693 At
403 635 483 693 vobis
497 636 569 694 mule
583 637 629 703 sit,
644 637 727 694 molue
741 638 865 695 tenebrae

350 713 427 779 Orci,
442 734 506 791 quse
520 714 615 772 omniu
628 714 701 772 bello
713 713 852 773 devoretis
865 738 872 772 ε

350 792 422 850 Tem
435 793 541 850 bellum
555 793 625 850 mihi
638 812 779 870 passerem
792 793 960 852 abstulistis.

350 870 495 928 Ofuetum
510 869 598 928 mulel
639 871 666 930 Ο
680 871 785 930 miselle
798 891 903 949 passer,

350 949 413 1006 Tus
425 968 500 1006 nunc
513 967 598 1039 opere
610 968 682 1007 mese
695 949 798 1026 puellm

350 1026 457 1084 Flendo
470 1027 605 1105 turgiduli
619 1027 721 1086 rubent
734 1027 825 1087 ocelli.

656 1253 715 1314 III.
735 1263 747 1300 t

745 1306 753 1342 s

513 1424 689 1466 osnrcsrro
711 1426 859 1467 essesut.

349 1556 485 1616 Phaselus
498 1557 553 1629 ille,
569 1580 652 1637 quem
665 1559 775 1630 videtis,
790 1560 927 1639 hospites,

347 1635 398 1694 Ait
411 1637 497 1695 fuisse
510 1639 623 1696 nuvium
636 1638 806 1708 celerrimus,

349 1713 449 1792 Neque
463 1717 548 1775 ullius
562 1717 685 1774 nutantis
699 1717 837 1795 impetum
853 1717 940 1775 trubis

349 1793 489 1870 Nequisse
502 1795 653 1872 praeterire,
668 1794 726 1852 sive
734 1793 866 1870 palmulis

348 1871 430 1949 Opus
444 1871 517 1929 foret
530 1873 631 1938 volare,
644 1871 701 1929 sive
714 1870 812 1929 linteo.

348 1951 387 2007 Et
400 1948 455 2006 hoo
467 1957 552 2026 neget
570 1949 687 2007 minacis
699 1949 838 2008 Adriatici

346 2027 458 2104 Negare
471 2027 548 2095 litus,
562 2026 703 2086 insulasve
716 2027 864 2118 Cyclades,

346 2105 515 2163 Rhodumue
528 2106 659 2174 nobilem,
674 2105 851 2166 hormdumve
864 2107 1022 2177 Threciam,

346 2182 528 2260 Propontide,
543 2192 685 2243 trucemve
699 2184 847 2244 Ponticum
862 2186 955 2244 sinum
963 2209 973 2257 ;

347 2261 405 2320 Ubi
418 2261 482 2330 iste,
497 2271 563 2340 post
576 2262 722 2332 Phaselus‚
737 2272 820 2322 antes
833 2264 886 2323 fuit

346 2339 466 2398 Cometa
478 2341 564 2399 silvo:
586 2361 651 2398 nam
665 2341 782 2420 Cytorio
794 2341 824 2401 in
833 2341 904 2421 jugo

345 2417 491 2496 Loqueute
505 2439 582 2498 ssepe
595 2419 707 2478 sibilum
721 2421 809 2479 edidit
822 2441 913 2480 coms.

344 2496 470 2555 Amastri
483 2497 601 2557 Pontice
614 2507 642 2556 et
656 2498 762 2576 Cytore
774 2500 895 2568 buxifer,

344 2575 409 2633 Tibi
423 2575 485 2635 haec
499 2576 586 2635 fuisse
600 2585 629 2634 et
641 2596 703 2634 esse
716 2576 909 2654 cognitissima

343 2653 395 2711 Ait
409 2653 563 2712 Phuselus:
585 2653 685 2712 ultime
698 2672 732 2712 ex
748 2654 854 2731 origine

343 2732 406 2790 Tuo
420 2732 531 2790 stetisse
545 2732 613 2790 dicit
626 2732 656 2790 in
669 2732 821 2801 cacumine,

342 2809 405 2867 Tuo
417 2809 553 2868 imbuisse
566 2808 704 2888 palmulas
716 2810 746 2867 in
760 2829 881 2888 aequore‚

342 2887 382 2945 Et
395 2887 461 2946 inde
474 2895 517 2945 tot
531 2907 582 2965 per
593 2888 760 2965 impotentis
773 2889 846 2946 frete

343 2966 453 3024 Herum
468 2964 585 3024 tulisse:
607 2965 685 3034 laem,
701 2967 759 3025 sive
773 2966 888 3026 dexteru

343 3043 467 3102 Vocaret
481 3063 558 3112 sure,
573 3044 631 3102 sive
644 3052 794 3122 utrumque
808 3045 846 3104 Ju
867 3046 921 3104 iter

344 3121 435 3180 Simul
448 3122 587 3181 secundus
600 3122 745 3182 incidisset
758 3124 788 3182 in
801 3143 837 3201 pe
858 3145 921 3194 em3

341 3200 443 3278 Neque
456 3199 514 3258 ullu
527 3210 591 3260 vote
603 3200 758 3260 litoralibus
772 3201 836 3261 Diis

343 3278 403 3337 Sibi
418 3298 479 3337 esse
488 3279 570 3348 fectu,
585 3299 649 3338 cum
663 3279 784 3340 venisset
797 3301 815 3339 s
827 3300 903 3340 mure

342 3358 505 3417 Novissimo
518 3358 595 3417 hunc
607 3358 643 3417 ud
656 3378 745 3435 usque
759 3359 907 3437 limpidum
921 3359 1024 3417 boum.

343 3436 398 3494 Sed
411 3436 474 3495 hoec
486 3438 565 3514 prius
579 3437 673 3496 sueres
693 3456 769 3495 nunc
782 3437 924 3496 recondita

342 3515 427 3573 Senet
441 3517 545 3592 quieto,
560 3534 644 3594 seque
657 3514 768 3573 dedicet
781 3515 841 3584 tibi,

267 3593 272 3600 ’
343 3593 469 3653 Gemelle
483 3593 592 3664 Castor,
608 3603 636 3653 et
649 3593 766 3672 gemelle
781 3592 916 3653 Castoris.
