2486 4172
495 181 653 221 CARMINA.

124 316 200 384 Filia,
214 321 249 373 tu
262 314 406 392 specimen
420 332 544 371 censurae
557 320 623 369 natu
635 320 767 388 paternae,

162 397 217 452 Fac
230 402 327 451 teneas
341 411 439 459 unum,
453 410 504 448 nos
517 391 634 457 imitata,
650 391 738 447 virum
752 413 759 448 ι

123 474 161 532 Et
174 473 243 530 serie
254 470 352 528 fulcite
365 489 463 546 genus.
505 469 580 526 Mihi
593 469 694 545 cymba
706 468 809 526 volenti

162 551 294 616 Solvitur,
309 548 434 605 aucturis
447 553 490 605 tot
502 565 565 604 mea
577 547 634 603 fata
646 547 736 603 malis.

123 629 194 686 Haec
208 635 251 684 est
264 627 378 684 feminei
390 644 495 682 merces
508 633 632 682 extrema
645 624 789 701 triumphi,

161 706 274 763 Laudat
288 705 337 761 ubi
349 703 494 762 emeritum
507 703 593 758 libera
606 704 680 759 fame
693 721 803 778 rogum.

122 784 209 841 Nune
222 782 276 839 tibi
288 783 461 849 commendo,
476 780 634 838 eommunia
646 780 772 856 pignora,
786 785 878 837 natos.

162 862 235 918 Haee
249 879 321 918 euru
328 868 356 917 et
369 858 453 916 cineri
465 858 553 935 spirat
564 858 658 915 inusta
670 877 742 914 meo.

123 939 255 1014 Fungere
268 937 399 994 maternis
411 937 527 1003 vicibus,
542 943 630 1012 puter.
671 935 725 992 Illa
737 953 863 994 meorum

162 1016 266 1074 Omnis
280 1015 331 1072 erit
344 1014 413 1072 collo
427 1015 509 1071 turba
521 1013 635 1070 ferenda
648 1020 707 1070 tun.

123 1094 230 1152 Oscula
244 1113 330 1170 quum
344 1092 452 1150 dederis
466 1100 515 1149 tua
527 1092 669 1157 flentibus,
684 1089 771 1166 adjice
785 1089 891 1148 matris.

160 1173 236 1229 Tota
250 1171 348 1228 domus
362 1170 445 1246 coepit
459 1189 534 1227 nunc
547 1188 618 1226 onus
631 1187 692 1225 esse
703 1176 796 1226 tuum.

122 1250 170 1318 Et,
186 1248 293 1325 siquid
307 1248 443 1305 doliturus
456 1247 519 1314 eris,
535 1245 594 1304 sine
607 1244 726 1304 testibus
740 1246 809 1315 illis;

163 1327 262 1393 Quum
275 1326 394 1393 venient,
409 1325 489 1383 sienis
502 1325 597 1381 oscula
609 1323 674 1382 falle
687 1323 775 1399 genis.

124 1405 174 1462 Sat
188 1404 242 1460 tibi
255 1403 310 1461 sint
324 1412 428 1471 noctes,
444 1421 512 1478 quas
526 1402 560 1459 de
573 1421 627 1470 me,
644 1401 748 1468 Paulle,
762 1401 880 1478 fatiges:

164 1481 333 1558 Somniaque
346 1480 486 1538 infaciem
499 1480 605 1537 credita
617 1498 691 1555 saepe
705 1498 805 1536 meum.

122 1559 229 1634 Atque,
244 1559 293 1615 ubi
305 1566 410 1616 secreto
422 1565 519 1615 nostru
531 1559 566 1614 ad
579 1557 726 1615 simulacra
738 1556 868 1632 loqueris,

164 1637 207 1693 Ut
220 1655 395 1713 responsurae
409 1635 518 1712 singula
529 1636 614 1693 verba
622 1633 694 1712 jace.

125 1716 183 1773 Seu
195 1723 290 1771 tamen
303 1714 449 1771 adversum
462 1713 578 1770 mutarit
588 1713 674 1790 janua
685 1712 798 1780 lectum,

165 1792 275 1850 Sederit
288 1799 315 1849 et
328 1799 423 1849 nostro
436 1800 518 1848 cauta
530 1809 648 1848 noverca
660 1798 733 1846 toro.

125 1870 305 1948 Conjugium,
320 1869 408 1944 pueri,
422 1868 533 1926 laudate
547 1875 575 1926 et
589 1868 659 1925 ferte
671 1873 830 1944 paternum.

166 1947 257 2024 Capta
270 1947 347 2004 dabit
360 1946 458 2004 vestris
471 1945 596 2003 moribus
608 1945 656 2002 illa
668 1963 778 2002 manus.

126 2025 192 2094 Nee
201 2032 319 2082 matrem
332 2024 443 2081 laudate
457 2023 557 2080 nimis:
578 2023 677 2081 collata
690 2022 776 2100 priori

165 2102 265 2160 Vertet
277 2102 307 2159 in
321 2101 440 2159 offensas
453 2101 539 2158 libera
551 2102 636 2158 verba
649 2120 723 2157 suae.

127 2181 184 2238 Seu
196 2199 303 2237 memor
315 2179 362 2236 ille
375 2197 437 2236 meu
450 2185 596 2236 contentus
609 2177 740 2235 manserit
754 2178 853 2236 umbra

166 2258 204 2315 Et
217 2257 290 2314 tanti
303 2257 406 2315 cineres
419 2256 528 2314 duxerit
541 2275 601 2314 esse
614 2274 707 2312 meos:

127 2335 235 2392 Discite
246 2345 393 2391 venturam
403 2334 461 2411 jam
475 2353 549 2390 nunc
563 2334 665 2391 sentire
678 2342 828 2402 senectam,

167 2412 283 2470 Coelibis
296 2412 332 2469 ad
345 2430 424 2469 curas
437 2430 488 2468 nec
501 2419 579 2468 vacet
591 2411 649 2468 ulla
661 2411 715 2469 via.

128 2489 212 2558 Quod
225 2489 296 2546 mihi
310 2489 466 2547 detractum
479 2496 531 2556 est,
545 2497 653 2546 vestros
667 2488 780 2546 accedat
792 2487 827 2545 ad
841 2505 948 2545 annosa
1029 2488 1066 2547 95

168 2567 250 2624 Prole
263 2585 325 2624 mea
338 2566 467 2624 Paullum
481 2566 521 2623 sic
531 2566 610 2644 juvet
624 2585 684 2624 esse
698 2584 803 2625 senem.

129 2645 167 2702 Et
182 2645 251 2701 bene
264 2644 366 2701 habet:
387 2663 530 2720 nunquam
544 2652 633 2700 mater
645 2643 775 2720 lugubria
788 2641 906 2719 sumpsi.

167 2722 253 2779 Venit
266 2722 295 2778 in
309 2721 452 2797 exsequias
465 2728 525 2778 tota
538 2729 647 2779 caterva
660 2741 746 2778 meas.

130 2799 222 2858 Causa
234 2805 362 2876 perorata
375 2805 428 2856 est.
469 2798 581 2857 Flentes
594 2819 640 2856 me
653 2799 758 2874 surgite
772 2805 868 2867 testes,

169 2877 245 2933 Dum
259 2876 382 2954 pretium
394 2875 461 2935 vitae
473 2884 553 2952 grata
565 2877 693 2953 rependit
710 2876 823 2934 humus.
1015 2875 1070 2932 lut

130 2954 260 3012 Moribus
274 2962 302 3012 et
315 2954 416 3012 eoelum
429 2954 540 3032 patuit:
562 2955 614 3011 sim
629 2955 712 3031 digna
724 2953 866 3022 merendo,

169 3031 256 3108 Cujus
269 3032 413 3090 honoratis
426 3052 490 3091 ossa
503 3032 641 3091 vehantur
655 3031 744 3109 equis.
