2534 4172
153 177 208 231 102
485 192 511 230 ι’.
535 191 642 232 ovrnrr
664 191 802 232 ussurus

189 326 262 383 Sunt
276 325 354 393 mihi,
369 344 434 402 quae
447 324 557 382 valeant
569 325 599 381 in
613 325 680 382 talia
693 324 825 402 pondera,
840 326 931 387 vires:

188 405 241 461 Est
255 404 366 462 animus
379 412 487 460 vestros
502 411 576 461 certe
590 423 723 461 sensurus
736 404 866 467 honores.

189 483 300 541 Scilicet
313 482 417 540 idcirco
431 501 482 558 pro
497 491 562 538 nato
576 482 679 540 caerula
691 492 782 540 mater

188 561 348 619 Ambitiosa
361 579 412 617 suo
426 561 489 627 fuit,
504 568 537 616 ut
551 560 676 617 caelestia
689 559 771 630 dona,

186 639 267 697 Artis
281 659 352 718 opus
366 647 464 703 tautae,
478 638 556 696 rudis
570 645 599 695 et
613 640 673 696 sine
687 648 800 716 pectore
813 639 894 699 miles

188 718 345 776 Indueret?
365 717 544 794 nequeenim
558 717 650 794 clypei
664 717 809 775 caelamina
821 721 904 789 ndrit,

187 797 332 854 Oceanum
346 804 375 853 et
387 805 486 863 terras,
502 815 622 872 cumque
635 795 693 853 alto
707 796 798 854 sidera
810 797 881 855 coelo

188 874 380 952 Pleiadasque,
394 873 575 951 Hyadasque,
591 874 801 952 immunemque
813 875 934 953 aequoris
948 875 1066 950 Arcton,

187 954 373 1030 Diversaeque
386 953 478 1020 urbes,
493 951 670 1028 nitidumque
683 953 797 1010 Orionis
810 957 925 1023 ensem3

187 1032 323 1098 Postulat,
339 1039 371 1087 ut
385 1031 486 1108 capiat,
501 1049 565 1108 quae
578 1049 635 1086 nou
647 1030 789 1108 iutelligit,
804 1051 891 1090 arma.
1077 1039 1136 1093 295

187 1107 286 1176 Quidl
307 1109 383 1186 quod
395 1127 450 1174 me,
465 1109 529 1166 duri
542 1109 696 1185 fugientem
710 1128 827 1167 munera
841 1110 915 1180 belli,

186 1188 290 1264 Arguit
302 1188 426 1263 incoepto
439 1206 532 1244 serum
546 1187 696 1245 accessisse
708 1186 818 1246 labori?

186 1265 249 1324 Nec
262 1285 292 1324 se
306 1265 484 1342 magnanimo
498 1265 664 1324 maledicere
678 1266 763 1323 sentit
775 1265 903 1325 Achilli?

187 1343 218 1400 Si
231 1343 376 1402 simuldsse
389 1352 470 1401 vocat
483 1344 597 1411 crimen,
610 1343 804 1402 simulavimus
817 1347 916 1412 amb03

188 1421 218 1479 Si
230 1442 310 1480 mora
321 1441 374 1499 pro
388 1422 471 1499 culpa
483 1431 535 1490 est,
550 1441 602 1500 ego
616 1442 680 1480 sum
694 1424 831 1481 maturior
842 1424 901 1482 illo.

187 1500 237 1558 Me
251 1501 298 1578 pia
311 1501 432 1558 detinuit
445 1500 564 1578 conjux:
586 1501 633 1578 pis
646 1510 737 1558 mater
748 1502 906 1559 Achillems

187 1580 337 1656 Primaque
348 1588 414 1636 sunt
427 1580 482 1637 illis
496 1579 561 1636 data
574 1589 720 1656 tempora:
742 1589 842 1637 caetera
855 1580 945 1638 vobis.

188 1658 276 1716 Haud
289 1658 383 1726 timeo,
400 1657 492 1735 sijum
507 1677 615 1732 nequeo
629 1657 778 1716 defendere
792 1659 897 1716 crimen

188 1736 261 1792 Cum
275 1743 355 1793 tanto
369 1755 516 1794 commuue
530 1737 607 1792 viro:
630 1736 784 1812 deprensus
798 1737 889 1794 Ulixis

187 1813 306 1891 Ingenio
320 1824 413 1872 tamen
426 1815 493 1871 ille:
515 1823 544 1871 at
557 1834 613 1871 uon
627 1814 732 1891 Ajacis,
748 1815 855 1872 Ulixes.

186 1891 266 1949 Neve
279 1893 309 1950 in
323 1913 368 1950 me
382 1893 490 1950 stolidae
504 1893 629 1951 convicia
641 1893 759 1950 fundere
771 1893 876 1968 linguae

186 1969 368 2029 Admiremur
382 1991 464 2028 eum:
486 1971 564 2028 vobis
579 1990 689 2048 quoque
703 1971 788 2047 digua
801 1971 908 2048 pudore

187 2048 309 2126 Objicit:
331 2069 365 2107 an
380 2049 451 2106 falso
465 2049 633 2106 Palameden
648 2049 763 2108 crimine
777 2057 859 2123 turpe

186 2129 340 2185 Accusdsse
354 2128 432 2195 mihi,
447 2127 525 2184 robis
540 2127 686 2184 damnasse
700 2127 832 2184 decorum
847 2124 909 2184 estl

187 2205 243 2263 Sed
256 2225 345 2283 neque
361 2204 533 2283 Naupliades
546 2205 654 2264 facinus
668 2205 815 2264 defendere
827 2213 939 2262 tantum

186 2284 312 2362 Tamque
327 2293 435 2361 patens,
450 2283 558 2351 valuit3
579 2303 631 2341 nec
644 2303 694 2340 vos
707 2283 827 2341 audistis
839 2283 867 2340 in
882 2282 930 2340 illo

187 2361 331 2420 Crimina:
352 2363 471 2430 vidistis,
487 2363 632 2440 pretioque
646 2362 754 2439 objecta
768 2362 912 2439 patebant.

186 2440 248 2498 Nec
262 2439 444 2499 Poeantiaden
457 2441 533 2518 quod
545 2441 632 2498 habet
642 2441 779 2498 Vulcania
793 2441 925 2508 Lemnos,

187 2519 257 2577 Esse
271 2539 335 2577 reus
349 2520 457 2578 merui:
478 2519 587 2576 factum
602 2518 744 2576 defendite
757 2527 892 2586 vestrum,

187 2597 376 2656 Consensistis
390 2599 483 2666 euim;
504 2617 556 2655 nec
570 2616 615 2655 me
630 2598 750 2656 suasisse
764 2597 881 2671 negabo,

187 2677 228 2733 Ut
243 2696 273 2732 se
287 2677 464 2734 subtraheret
478 2675 600 2752 bellique
613 2677 723 2754 viaeque
736 2676 833 2744 labori,

186 2755 374 2832 'l'entaretque
384 2755 458 2812 feros
472 2756 567 2831 requie
581 2754 668 2812 lenire
682 2755 802 2812 dolores.

186 2833 285 2890 Paruit
299 2842 327 2891 et
340 2833 425 2890 vivit:
447 2852 504 2890 non
518 2833 578 2890 haec
593 2833 733 2890 sententia
746 2839 858 2890 tantum

187 2911 266 2979 Fida,
282 2912 373 2969 sedet
386 2911 470 2970 felix:
492 2929 580 2989 quum
595 2911 632 2968 sit
646 2912 715 2968 satis
729 2931 791 2969 esse
804 2910 927 2969 fidelem.

186 2990 279 3056 Quem
293 2989 424 3067 quoniam
437 2997 515 3047 vates
529 2989 647 3047 delenda
660 2989 695 3046 ad
709 2989 848 3066 Pergama
860 2996 993 3066 poscunt,

187 3068 232 3125 Ne
245 3070 377 3126 mandate
390 3068 461 3126 mihi
473 3093 481 3136 3
502 3068 604 3126 melius
618 3069 798 3126 Telamonius
811 3069 874 3136 ibit,

186 3147 363 3225 Eloquioque
374 3147 464 3204 virum
480 3147 586 3204 morbis
599 3147 697 3224 iraque
710 3146 851 3204 furentem

187 3225 308 3294 Molliet,
324 3235 373 3284 aut
387 3225 479 3302 aliqua
492 3223 630 3301 producet
643 3225 761 3283 callidus
774 3233 845 3282 arte.

187 3304 263 3362 Ante
277 3312 351 3363 retro
366 3303 468 3362 Simois
482 3305 561 3372 fluet,
578 3312 607 3361 et
621 3304 680 3361 sine
693 3303 841 3360 frondibus
856 3303 908 3360 Ide

187 3382 279 3440 Stabit
292 3392 321 3440 et
334 3383 468 3442 auxilium
482 3382 630 3459 promittet
643 3382 753 3440 Achaia
765 3380 867 3459 ‘l'rojae‚

187 3461 288 3529 Quam,
303 3470 429 3519 cessante
443 3481 505 3519 meo
518 3481 570 3538 pro
582 3462 684 3518 vestris
697 3469 809 3538 pectore
822 3460 916 3528 rebus,

187 3542 209 3595 A
211 3539 283 3615 jacis
297 3539 393 3596 stolidi
407 3539 513 3596 Danais
527 3539 651 3597 sollertia
664 3539 764 3615 prosit.
791 3541 794 3547 '

188 3616 232 3674 Sis
245 3617 310 3674 licet
323 3616 442 3674 infestus
456 3617 547 3684 sociis,
562 3617 685 3693 regique,
700 3615 842 3692 mihique.
