2486 4172
174 183 215 238 32
538 199 629 238 annu
649 199 783 238 ursum

213 334 276 392 Illic
289 332 432 411 exosisque
447 333 526 410 genis
540 341 658 410 ustoque
672 333 771 410 capillo

252 412 336 470 Erret
350 412 386 468 ad
399 413 533 469 obscuros
547 412 651 488 pallida
665 413 748 469 turbe
760 412 847 470 lacus.

213 491 306 559 Quam
319 490 414 568 potius
427 489 583 548 laudandus
597 490 644 548 bic
656 498 708 558 est,
724 509 816 566 quem,
831 487 909 566 prole
923 497 1030 565 parata,

252 567 381 644 Occupat
393 568 422 624 in
436 588 521 644 parva
534 569 614 645 pigra
628 578 739 626 senecta
752 567 829 626 casal

213 647 278 722 Ipse
292 665 356 702 suas
371 654 494 703 sectatur
507 666 580 713 oves,
596 655 625 702 at
638 647 712 703 filius
725 665 822 723 agnos,

252 723 290 779 Et
303 723 421 781 calidam
434 723 510 781 fesso
522 734 666 800 comparat
680 743 751 781 uxor
765 743 876 801 squam.

213 800 259 858 Sic
272 820 324 878 ego
338 802 399 868 sim,
414 802 549 879 liceatque
561 810 646 879 caput
658 802 821 860 candescere
835 801 919 869 canis,

251 879 399 956 Temporis
413 888 441 936 et
454 880 540 955 prisci
554 880 627 937 facta
640 880 741 946 referre
756 900 860 937 senem.

213 957 325 1014 Interea
338 958 397 1015 Pax
411 977 476 1014 arva
489 959 571 1015 colat.
614 957 672 1015 Pax
686 957 804 1016 candida
817 958 939 1035 primurn

250 1035 340 1092 Duxit
354 1044 476 1092 aratores
490 1037 543 1092 sub
553 1036 623 1112 juga
636 1055 719 1093 curva
732 1037 827 1094 boves.

213 1113 271 1170 Pax
285 1113 355 1169 nluit
368 1113 448 1179 vites,
463 1122 491 1170 et
505 1133 603 1170 succos
616 1114 742 1171 condidit
756 1134 827 1180 uvoe‚

251 1191 392 1249 Funderet
408 1199 437 1248 ut
450 1199 516 1248 nato
531 1202 602 1248 testa
616 1201 731 1268 patema
743 1211 862 1249 merum.

212 1268 284 1326 Pace
298 1268 395 1326 bidens
410 1288 558 1346 vomerque
572 1270 684 1346 vigent;
707 1277 736 1327 at
749 1270 841 1328 tristia
855 1269 917 1326 duri

251 1346 354 1404 Militis
366 1346 396 1403 in
410 1349 531 1404 tenebris
545 1357 663 1424 occupat
676 1367 754 1405 arma
767 1348 859 1405 situs:

212 1424 346 1482 Rusticus
361 1442 375 1481 e
389 1425 506 1501 lucoque
519 1425 605 1493 vehit,
621 1425 692 1483 male
706 1427 816 1482 sobrius
828 1425 897 1501 ipse,

252 1502 375 1559 Uxorem
390 1503 515 1578 plaustro
529 1505 745 1580 progeniemque
759 1503 884 1560 domum.

210 1581 252 1636 At
265 1580 354 1648 nobis,
371 1581 430 1638 Pax
443 1583 525 1646 ulma,
539 1583 611 1649 reni,
627 1585 787 1660 spicamque
799 1590 901 1648 tenete,

251 1657 375 1718 Perfluat
387 1668 416 1717 et
430 1661 522 1738 pomis
536 1660 670 1718 condidus
684 1668 749 1717 ante
763 1660 851 1717 sinus.

557 1897 708 1956 ELEGIA
728 1897 783 1962 Va,
885 1841 961 1914 ''ii''
991 1812 1024 1928 β’

209 2051 344 2126 Quisquis
358 2051 433 2120 ades,
448 2051 559 2118 faveos3
579 2053 673 2128 fruges
687 2049 840 2107 lustramus
854 2057 882 2109 et
895 2070 985 2128 agros,

249 2130 334 2187 Ritus
348 2138 380 2186 ut
393 2148 410 2186 a
423 2129 513 2205 prisco
527 2129 647 2186 traditus
661 2137 738 2186 extat
750 2148 812 2187 avo.

209 2207 329 2273 Bacche,
343 2207 414 2275 veni,
430 2206 575 2283 dulcisque
589 2209 646 2264 tuis
659 2227 675 2266 e
689 2207 818 2265 cornibus
832 2225 886 2264 uva

249 2285 390 2353 Pendeat;
412 2293 440 2342 et
453 2285 537 2361 spicis
551 2293 677 2362 tempora
690 2285 778 2362 cinge,
794 2285 888 2344 Ceres.

209 2365 286 2421 Luce
299 2383 377 2421 sacra
390 2364 542 2440 requiescat
555 2363 669 2432 humus,
684 2363 840 2440 requiescat
853 2372 955 2431 arator,

247 2442 286 2499 Et
299 2461 390 2518 grave,
406 2461 541 2518 suspenso
556 2461 675 2510 vomere,
690 2451 780 2500 cesset
795 2461 876 2518 opus.

210 2519 313 2578 Solvite
326 2520 417 2577 vincla
426 2519 521 2598 jugis;
541 2521 617 2577 nunc
631 2520 666 2577 ad
680 2519 816 2597 praesepio
829 2519 931 2576 debent

249 2597 336 2655 Plena
348 2611 478 2656 coronato
493 2608 566 2656 stare
579 2600 663 2656 boves
677 2598 778 2674 capite.

208 2677 312 2735 Omnia
325 2677 381 2733 sint
396 2685 509 2753 operata
521 2676 590 2744 deo;
612 2695 669 2733 non
682 2675 784 2733 audeat
797 2675 855 2732 ulla

247 2755 399 2810 Lanificam
413 2755 507 2831 pensis
519 2754 684 2829 imposuisse
697 2773 822 2811 manum.

208 2832 294 2890 Casta
306 2831 417 2908 placent
431 2831 562 2907 Superis;
583 2850 654 2907 pura
667 2850 730 2888 curn
744 2840 820 2888 veste
834 2831 934 2899 venite,

247 2909 285 2967 Et
298 2909 427 2966 munibus
442 2909 519 2986 puris
533 2909 634 2966 sumite
648 2909 732 2965 fontis
745 2929 856 2986 aquam.

208 2987 331 3054 Gemite,
345 2986 486 3064 fulgentes
499 2995 529 3042 ut
543 2995 588 3043 eat
601 3006 677 3043 sacer
685 3007 774 3063 agnus
788 2987 823 3045 sd
836 3007 906 3055 uras,

221 3059 227 3069 ⁷
246 3066 402 3141 Vinctaque
416 3074 479 3139 post
493 3063 553 3121 olea
566 3065 683 3122 candida
695 3065 778 3122 turbs
791 3085 895 3123 cornus.

209 3144 256 3201 Dii
269 3143 361 3219 patrii,
377 3162 529 3220 purgamus
538 3162 628 3219 agros,
644 3163 795 3220 purgamus
808 3152 940 3220 agrestes,

246 3222 305 3278 Vos
319 3222 392 3278 mala
405 3221 439 3278 de
454 3221 556 3278 nostris
570 3221 665 3298 pellite
682 3221 836 3279 limitibus:

208 3301 273 3358 Neu
286 3319 365 3376 seges
379 3299 473 3356 eludet
487 3318 605 3356 messem
619 3299 764 3357 fallacibus
777 3300 881 3367 herbis,

247 3379 312 3435 Neu
325 3377 423 3436 timeat
436 3377 538 3435 celeres
552 3377 657 3435 tardior
670 3397 742 3454 agna
755 3377 846 3454 lupos.

207 3457 288 3515 Tunc
301 3455 407 3512 nitidus
420 3456 509 3531 plenis
523 3457 643 3513 conlisus
657 3456 779 3512 rusticus
792 3455 867 3532 agris

248 3534 362 3610 Ingeret
374 3533 482 3592 ardenti
494 3533 611 3610 grandia
623 3533 699 3610 ligna
711 3532 791 3602 soc03
