2486 4172
250 827 287 902 P.
318 825 460 900 OVIDII
491 821 675 898 NASONIS
705 820 917 896 CARMINA.

509 1085 657 1128 —4—

188 1325 232 1374 EX
249 1323 414 1374 EPISTOLIS
432 1323 507 1381 QUAE
525 1320 769 1372 INSCRIBUNTUR
785 1317 983 1368 ‘HEROIDESJ

35 1421 178 1606 φῶ.
203 1463 256 1570 10
400 1508 584 1566 suranus
604 1507 772 1566 rnnsno.

129 1661 235 1720 Mitius
248 1658 351 1729 inveni,
366 1680 450 1737 quam
464 1668 500 1729 te,
516 1679 604 1738 genus
617 1679 700 1718 omne
713 1659 856 1716 ferarum:

171 1739 286 1798 Credita
298 1757 355 1796 non
369 1739 427 1808 ulli,
442 1757 526 1815 qnam
541 1737 601 1805 tibi,
616 1738 698 1816 pejus
712 1756 796 1794 eram.

131 1817 204 1884 Quae
216 1817 294 1894 legis,
311 1835 345 1875 ex
357 1817 414 1884 illo,
429 1818 550 1882 Theseu,
565 1816 617 1873 tibi
630 1817 711 1872 litore
724 1815 825 1874 mittor

171 1895 254 1952 Unde
268 1907 346 1950 tuam
361 1895 477 1951 sinemo
491 1895 552 1951 vela
565 1895 654 1951 tulere
667 1902 767 1951 ratem.

131 1969 168 2030 In
182 1992 238 2049 quo
251 1991 296 2029 me
310 1991 479 2048 somnusque
494 1992 572 2029 meus
586 1973 658 2030 mule
672 1971 805 2048 prodidit,
822 1978 850 2028 et
860 1977 901 2038 tu,

172 2051 226 2108 Per
238 2050 348 2108 facinus
362 2051 467 2108 somnis
480 2051 609 2108 insidiate
621 2050 702 2108 meis.

131 2129 257 2204 Tempus
270 2135 339 2195 erat,
354 2129 442 2185 vitrea
455 2147 510 2205 quo
524 2129 647 2205 primum
661 2137 735 2186 terra
748 2128 849 2205 pruina

172 2206 327 2283 Spargitur,
343 2214 371 2263 et
384 2215 466 2264 tectae
479 2205 577 2264 fronde
590 2215 745 2283 queruntur
758 2225 832 2262 aves.

132 2276 278 2342 Incertum
290 2283 418 2360 vigilans,
434 2304 451 2340 e
464 2304 562 2341 sonmo
575 2284 715 2360 languida,
729 2284 805 2340 movi

172 2362 282 2419 Thesea
294 2380 439 2439 pressuras
453 2363 623 2439 semisupina
636 2381 746 2419 manus.

132 2439 237 2497 Nullus
251 2449 328 2508 erat;
349 2439 493 2514 referoque
505 2460 605 2498 manus
617 2441 775 2515 iterumque
788 2445 906 2502 retento,

173 2518 282 2593 Perque
294 2525 388 2574 torum
402 2536 499 2574 moveo
512 2518 643 2586 brachia3
665 2517 759 2574 nullus
772 2524 841 2573 erat.

133 2594 289 2652 Excussere
301 2603 394 2654 metus
407 2614 547 2654 somnum.
575 2619 578 2628 ¹
589 2594 747 2654 conterrita
761 2612 861 2671 surgo:

173 2672 358 2749 Membraque
372 2683 439 2730 sunt
451 2673 535 2730 viduo
548 2675 724 2750 praecipitata
737 2682 808 2731 toro.

134 2749 266 2808 Protinus
280 2751 408 2809 adductis
422 2759 573 2818 sonuerunt
586 2761 699 2828 pectora
711 2751 832 2829 palmis:

174 2828 273 2904 thue
284 2837 343 2887 erat
356 2848 373 2886 a
386 2847 483 2886 somno
497 2829 617 2898 turbida,
632 2837 713 2906 rapta
726 2849 805 2887 coma
818 2836 872 2887 est.

135 2905 218 2964 Luna
231 2905 303 2964 fuit:
325 2915 430 2982 specto,
445 2907 558 2984 siquid,
573 2907 627 2964 nisi
640 2908 731 2975 litora,
747 2917 876 2976 cernam}

174 2983 259 3052 Quod
272 2984 384 3043 videant
397 2985 478 3052 oculi,
493 2985 543 3050 nil,
557 2985 612 3042 nisi
624 2985 702 3052 litus,
718 2985 833 3043 habent.

135 3061 221 3120 Nunc
234 3061 299 3130 huo,
313 3082 389 3120 nune
401 3063 477 3130 illue,
493 3070 521 3120 et
534 3071 661 3140 utroque,
677 3065 737 3121 sine
750 3063 856 3132 ordine,
866 3080 966 3121 curro:

174 3138 243 3196 Alta
255 3139 392 3217 puellares
405 3141 499 3198 tardat
512 3159 595 3198 arena
608 3141 703 3217 pedes.

136 3217 248 3274 Interea
261 3226 321 3276 toto
335 3218 466 3275 clamanti
478 3217 567 3286 litore,
582 3218 703 3287 Theseu,

143 3361 145 3368 Α
175 3295 343 3352 Reddebant
355 3315 458 3353 nomen
470 3315 591 3354 concava
603 3315 669 3354 saxa
681 3304 781 3353 tuum:

136 3369 175 3429 Et
188 3372 297 3450 quoties
311 3391 363 3450 ego
376 3382 413 3442 te,
427 3374 513 3432 toties
525 3375 603 3431 loeus
615 3373 676 3449 ipse
688 3373 804 3431 vocabat
817 3394 824 3432 r

176 3450 242 3528 Ipse
255 3450 333 3510 loeus
346 3451 457 3509 miserae
470 3452 541 3509 ferre
554 3450 665 3509 volebat
677 3470 771 3527 opem.

137 3525 223 3586 Mons
235 3528 306 3587 fuit:
328 3537 464 3606 apparent
477 3529 591 3586 frutices
604 3529 750 3589 invertire
765 3528 839 3588 raris

176 3605 253 3665 Hinc
266 3607 399 3684 scopulus
413 3609 503 3665 raucis
516 3607 619 3683 pendet
632 3607 732 3666 adesus
746 3608 835 3684 aquis.

696 3685 699 3692 ’
903 3685 963 3743 ι2
