2534 4172
498 198 656 240 CARMINA.

128 335 245 391 Tantum
259 335 377 392 aberant
391 353 509 401 summo,
526 342 661 409 quantum
677 333 762 392 semel
777 333 817 391 ire
831 334 934 412 sagitta

127 413 214 470 Missa
226 421 338 489 potest:
360 412 461 468 flexere
475 412 580 477 oculos,
595 421 623 468 et
637 431 728 470 mersa
740 412 842 488 palude

128 491 236 548 Caetera
249 491 434 567 prospiciunt,
450 497 560 546 tautum
574 509 625 546 sua
638 499 712 547 tecta
725 509 845 548 manere.

126 567 257 646 Dumque
270 588 303 626 ea
316 569 462 631 mirentur,
477 568 544 624 dum
558 567 662 625 deflent
674 568 733 625 sata
745 587 869 635 suorum,

43 650 47 661 '
126 645 178 703 Illa
190 655 281 714 vetus,
297 646 417 702 dominis
431 646 515 702 etiam
529 665 592 702 cusa
605 665 690 722 parva
703 646 823 710 duobus,

125 723 252 780 Vertitur
265 724 294 780 in
308 724 446 799 templum
459 747 465 780 :
486 724 580 780 furcas
593 724 701 780 subiere
715 724 853 781 columnae
866 745 873 780 :

125 800 267 858 Stramina
279 801 442 868 flavescunt,
457 801 642 878 adopertaque
656 821 793 859 marmore
807 801 899 867 tellus,

125 879 295 956 Caelstaeque
306 879 389 947 fores,
404 887 554 956 aurataque
568 888 643 936 tecta
654 879 784 937 videntur
795 900 802 936 :

124 957 202 1014 Talia
216 976 304 1033 quum
318 957 428 1032 placido
443 957 590 1015 Saturnius
605 958 693 1014 edidit
705 976 772 1014 ore:

126 1041 144 1066 “
155 1035 258 1102 Dicite,
270 1034 347 1111 juste
360 1054 453 1102 senex,
470 1043 497 1091 et
510 1034 626 1092 foemina
638 1034 755 1112 conjuge
765 1033 844 1111 justo

125 1112 228 1189 Digna,
244 1113 311 1188 quid
324 1113 459 1188 optetis.''
502 1111 575 1169 Cum
590 1112 712 1171 Baucide
726 1133 814 1188 pauca
827 1112 946 1181 locutae,

124 1189 271 1247 Judicium
286 1189 400 1266 Superis
414 1191 503 1266 aperit
517 1210 665 1248 commune
679 1191 847 1249 Philemon:

123 1268 195 1325 Esse
209 1268 375 1335 sacerdotes,
391 1269 563 1344 delubraque
577 1277 668 1326 vestra
681 1269 754 1326 tueri

124 1345 292 1403 Posuimus:
315 1359 342 1402 et
356 1347 486 1423 quoniam
500 1346 651 1404 concordes
664 1347 772 1422 egimus
784 1367 881 1415 annos,

123 1423 243 1480 Auferat
256 1424 326 1481 hora
340 1423 409 1480 duos
423 1424 528 1492 eadem,
544 1445 595 1482 uec
608 1424 734 1500 conjugia
748 1445 871 1502 unquam

123 1501 215 1559 Busta
228 1521 299 1558 meae
313 1502 439 1570 videam;
461 1521 517 1559 neu
531 1505 582 1560 sim
597 1501 780 1578 tumulandus
793 1502 828 1560 ab
842 1503 921 1561 illa.”

122 1579 199 1636 Vota
211 1579 282 1636 fides
295 1581 436 1656 sequitur:
459 1580 558 1657 templi
570 1581 658 1638 tutela
671 1580 756 1646 luere,

122 1657 223 1714 Donec
235 1659 294 1714 vita
307 1657 372 1715 duta
385 1667 447 1714 est:
469 1659 549 1715 aunis
563 1678 676 1734 aevoque
690 1659 774 1715 soluti
1029 1663 1066 1718 95

123 1735 201 1793 Ante
215 1735 319 1811 gradus
333 1755 426 1793 sacros
441 1756 528 1812 quum
543 1741 650 1794 starent
662 1737 743 1802 forte,
759 1737 866 1812 locique

123 1814 286 1890 Inciperent
299 1832 389 1880 casus,
404 1812 533 1872 frondere
547 1815 711 1872 Philemona
725 1814 836 1880 Baucis,

123 1891 250 1949 Baucida
263 1892 408 1968 conspexit
422 1892 513 1948 senior
526 1892 655 1950 frondere
670 1892 837 1950 Philemon:

123 1968 247 2047 Jamque
261 1988 344 2046 super
357 1969 465 2046 gelidos
477 1978 618 2028 crescente
632 1971 774 2028 cacumine
788 1971 891 2038 vultus,

124 2048 241 2114 Mutua,
254 2047 321 2104 dum
337 2048 425 2115 licuit,
440 2048 594 2105 reddebant
608 2048 700 2105 dicta:
724 2048 885 2125 “Valeque,
1012 2053 1067 2108 100
1109 2053 1111 2058 ’

123 2126 150 2184 Ο
165 2125 298 2202 conjux‚”
315 2125 408 2182 dixere
422 2126 514 2193 simul,
530 2125 614 2183 simul
627 2125 723 2183 abdita
736 2127 806 2182 terit

123 2204 184 2262 Ora
196 2202 307 2260 frutex:
328 2203 451 2261 ostendit
465 2204 558 2261 adhuc
571 2204 711 2280 Tyauei'us
724 2204 781 2261 illic

125 2281 224 2340 Incola
237 2281 272 2337 de
285 2281 397 2356 gemino
411 2282 517 2338 vicinos
530 2301 644 2357 corpore
659 2290 782 2340 truncos.

124 2359 199 2417 Haec
214 2358 286 2416 mihi
299 2379 356 2416 non
369 2359 441 2428 vani,
457 2379 546 2436 neque
559 2370 618 2418 erat
632 2379 682 2417 cur
694 2360 789 2418 fallere
801 2360 915 2427 vellent,

122 2437 281 2495 Narrovere
296 2457 392 2494 senes:
414 2438 543 2514 equidem
557 2437 707 2514 pendentia
719 2437 778 2494 vidi
1013 2442 1066 2497 105

125 2515 207 2573 Serta
220 2534 306 2590 super
317 2534 409 2572 ramos
422 2537 429 2572 ι
451 2535 612 2592 ponensque
624 2517 754 2584 recentia,
770 2516 844 2573 dixi:

125 2601 146 2626 “
157 2593 234 2652 Cura
246 2592 287 2671 pii
299 2593 361 2652 Diis
375 2606 460 2652 sunt:
481 2604 518 2663 et,
534 2596 581 2672 qui
595 2595 712 2662 coluere,
728 2595 889 2653 coluntur.”

77 2861 204 3006 lu
237 2807 345 3006 a:

126 3060 259 3137 Concipit
271 3061 378 3118 interea
392 3059 497 3118 validos
511 3059 616 3118 AEetias
629 3060 725 3136 ignes;

127 3141 167 3198 Et
179 3140 285 3197 luctata
299 3139 356 3207 diu,
372 3150 522 3215 postquam
536 3139 643 3196 ratione
657 3139 780 3195 furorem

126 3217 246 3274 Vincere
260 3236 316 3274 non
329 3226 459 3292 poterat:
482 3225 500 3248 “
510 3217 633 3283 Frustra,
650 3217 760 3283 Medea,
778 3233 934 3292 repugnas:

127 3295 232 3354 Nescio
246 3295 309 3372 quis
323 3294 400 3352 Deus
413 3293 537 3362 obstat,”
553 3295 601 3360 ait,
617 3295 782 3370 mirumque,
798 3293 851 3349 nisi
864 3293 919 3350 hoc
932 3301 984 3361 est,

127 3374 189 3432 Aut
202 3372 307 3448 aliquid
320 3382 394 3430 certe
408 3372 496 3430 simile
510 3371 584 3440 huic,
601 3373 676 3449 quod
689 3389 781 3428 amare
795 3379 918 3428 vocatur.
1051 3377 1068 3428 5

127 3453 204 3511 Nam
218 3470 269 3508 cur
279 3450 359 3528 jussa
372 3451 461 3527 patris
474 3449 591 3508 nimium
606 3449 675 3506 mihi
689 3449 759 3505 dura
771 3445 924 3506 videntur?

129 3530 202 3587 Sunt
215 3548 325 3606 quoque
340 3529 409 3586 dura
422 3529 523 3586 nimis:
545 3547 595 3585 cur
608 3545 690 3604 quem
705 3526 789 3584 modo
802 3526 921 3604 denique
934 3527 1001 3598 vidi,

128 3607 175 3667 Ne
187 3617 293 3686 pereat,
309 3604 416 3664 timeo?
437 3626 501 3683 quae
514 3606 586 3664 tanti
599 3625 684 3664 causa
697 3603 826 3665 timorisl
