2486 4172
515 193 672 233 canutus.

117 332 211 388 Vesta
226 328 382 388 coronatis
395 344 505 405 pauper
516 326 656 402 gaudebat
669 326 779 384 asellisr

156 409 328 466 Ducebant
343 427 446 464 maerae
461 405 525 462 vilia
538 424 615 462 saera
628 405 722 462 boves.

116 487 217 544 Parva
233 487 365 562 saginati
374 485 532 541 lustrabant
546 483 669 558 compita
681 483 776 558 porei:

158 565 279 622 Pastor
295 564 375 622 etad
389 563 511 619 calamos
525 569 589 618 exta
602 561 701 619 litabat
715 563 783 619 ovis.

115 643 257 700 Verbera
273 642 392 719 pellitus
406 650 499 697 setosa
511 640 641 697 movebat
654 649 754 707 arator,

159 721 256 778 Unde
272 721 363 776 licens
377 719 482 776 Fabius
496 737 574 780 saera
587 719 731 794 Lupercus
745 717 839 775 habet.

114 801 184 856 Nec
199 799 293 855 rudis
307 797 417 854 infestis
431 795 512 852 miles
525 797 650 853 radiabat
664 797 693 852 in
706 797 808 864 armis;

159 877 342 934 Miscebant
354 884 420 932 usta
431 874 530 949 proelia
542 875 618 932 nuda
631 874 710 931 sude.

115 955 228 1012 Prima
243 954 382 1031 galeritus
395 952 490 1028 posuit
504 953 635 1028 praetoria
648 953 775 1010 Luemo:

161 1034 345 1108 Magnaque
358 1050 423 1107 pars
437 1030 518 1086 Tatio
532 1049 624 1088 rerum
638 1039 698 1087 erat
710 1031 784 1088 inter
798 1051 873 1089 oves.

117 1113 207 1168 Hinc
223 1111 339 1168 'l'itiens
354 1109 531 1184 Ramnesque
543 1109 605 1176 viri,
621 1109 796 1185 Lueeresque
810 1110 917 1168 colonis

164 1190 310 1256 Quatuor
323 1187 388 1244 hinc
402 1187 479 1244 albos
493 1187 631 1244 Romulus
645 1187 703 1262 egit
716 1205 812 1264 equos.

121 1267 254 1344 Quippe
270 1266 438 1322 suburbanae
454 1284 538 1348 pprva
552 1265 644 1322 minus
657 1266 727 1322 urbe
741 1265 867 1335 Bovillas,

168 1346 226 1412 Et,
245 1345 294 1420 qni
306 1363 381 1400 nunc
394 1343 474 1407 nulli,
489 1343 611 1400 maxima
623 1344 706 1401 turba
720 1345 803 1411 (labb

122 1424 168 1480 Et
185 1424 275 1480 stetit
289 1421 361 1480 Alba
374 1431 484 1496 potens,
499 1420 569 1476 albae
583 1422 641 1478 suis
655 1423 747 1479 omine
761 1433 835 1490 nata,

170 1501 255 1568 Hae,
269 1500 319 1557 ubi
332 1500 450 1556 Fidenas
463 1499 545 1574 longe
559 1509 618 1556 erat
632 1500 680 1566 ire,
695 1501 750 1558 via.

124 1579 188 1636 Nil
203 1578 338 1656 patrium,
352 1577 407 1634 nisi
420 1595 532 1642 nomen,
546 1577 632 1634 habet
646 1580 791 1636 Romanus
804 1578 951 1637 alumnust

171 1655 329 1732 Sanguinis
342 1655 465 1712 altricem
481 1675 537 1712 non
551 1657 640 1732 pudet
653 1675 713 1714 esse
726 1657 831 1733 lupam,

128 1735 211 1792 Huc
223 1735 324 1791 melius
337 1733 471 1810 profugos
484 1733 595 1802 misisti,
611 1736 703 1812 Troja
719 1744 843 1812 penates.

179 1814 209 1871 O
223 1812 298 1888 quali
310 1821 390 1869 vecta
402 1820 446 1868 est
459 1811 591 1870 Dardana
604 1814 708 1890 puppis
722 1813 787 1870 ave!

124 1891 156 1950 -J
158 1911 209 1948 arn
223 1891 293 1947 bene
308 1889 483 1966 spondebant
496 1897 564 1946 tune
578 1893 680 1959 omina,
696 1892 772 1968 quod
785 1892 856 1949 nihil
868 1895 946 1952 illam

183 1969 311 2026 Laeserat
324 1968 435 2044 abiegni
448 1977 544 2025 venter
557 1977 671 2044 apertus
684 1970 766 2046 equi3

137 2048 240 2114 Quum
253 2053 333 2124 pater
343 2046 373 2102 in
387 2045 465 2120 gnati
478 2046 605 2122 trepidus
618 2047 724 2104 cervice
737 2047 879 2124 pependit,

182 2125 223 2181 Et
235 2125 322 2180 verita
336 2132 377 2180 est
390 2123 523 2181 humeros
538 2143 617 2181 urere
630 2125 745 2182 flamma
758 2127 829 2202 pios.

139 2205 224 2261 Tunc
238 2203 324 2260 animi
336 2221 435 2260 venere
449 2202 520 2259 Deci
534 2201 671 2279 Brutique
685 2221 804 2274 secures,

182 2280 268 2337 Vexit
281 2281 384 2356 etipsa
397 2281 441 2337 sui
455 2281 575 2338 Caesaris
589 2299 667 2338 arma
679 2282 793 2340 Venus:

143 2363 233 2418 Arma
245 2359 415 2434 resurgentis
428 2366 544 2434 portans
557 2359 681 2416 victricia
693 2360 795 2436 Trojae.

184 2437 263 2494 Felix
276 2446 353 2493 terra·
363 2445 427 2494 tuos
441 2437 523 2514 cepit,
540 2437 609 2504 Iule,
626 2438 710 2495 deos:

145 2515 176 2572 Si
189 2515 273 2572 modo
286 2515 432 2572 Avernalis
445 2515 572 2571 tremula¹
586 2517 694 2573 cortina
708 2517 821 2594 Sibylla

184 2593 264 2649 Dixit
279 2593 418 2651 Aventino
431 2613 497 2670 rupa
509 2593 613 2669 pianda
626 2595 733 2652 Remo:

143 2671 205 2728 Aut
219 2671 244 2727 si
257 2671 415 2748 Pergameas
429 2690 491 2728 sero
505 2681 565 2728 rata
578 2673 701 2730 carmina
715 2674 786 2731 vatis

183 2749 358 2824 Longaevum
372 2749 408 2806 ad
422 2749 526 2806 Priami
538 2769 604 2807 vera
616 2751 693 2808 suere
706 2760 808 2828 eaputr

146 2826 282 2884 “Vertite
296 2847 408 2904 equum,
424 2827 530 2884 Danai!
554 2828 627 2885 male
640 2829 759 2888 vincitis.
801 2831 854 2888 Ilia
868 2832 950 2890 tellus

184 2905 284 2972 Vivet;
299 2915 327 2962 et
340 2906 406 2962 huie
419 2905 505 2962 cineri
519 2906 632 2982 Jupiter
644 2927 720 2964 arma
735 2908 843 2966 dabit.'’

144 2983 264 3059 Optima
276 2983 418 3040 nutricum
432 2985 542 3052 nostris,
557 2985 625 3060 lupa
639 2985 752 3055 Martia,
767 2987 860 3055 rebus,
1051 2991 1088 3045 55

185 3060 287 3128 Qualia
299 3069 445 3119 eraverunt
457 3063 561 3119 moenia
573 3063 644 3120 laete
657 3073 706 3120 tuo
716 3063 722 3120 l
953 3072 957 3084 ⁴

145 3139 256 3197 Moenia
267 3157 388 3216 namque
401 3139 449 3216 pio
461 3159 547 3197 eonor
560 3141 707 3217 disponere
720 3162 821 3200 versut

187 3216 254 3273 Hau
266 3217 345 3286 mihi,
360 3220 435 3294 quod
447 3226 544 3276 nostro
557 3226 601 3276 est
614 3237 716 3294 parvus
729 3220 758 3276 in
772 3239 819 3278 ore
833 3219 933 3278 sonurl

147 3293 204 3352 Sed
217 3301 311 3352 tamen
325 3297 425 3372 exiguo
439 3297 624 3373 quodeunque
637 3317 652 3354 e
665 3306 778 3374 pectore
791 3297 843 3354 rivi

187 3372 320 3442 Finxerit,
335 3371 390 3432 hoe
403 3375 500 3448 patriae
514 3375 614 3433 serviet
628 3395 711 3432 omne
724 3393 805 3434 meas.
1055 3377 1092 3435 60

148 3449 256 3508 Ennius
269 3451 378 3509 hirsuta
391 3453 485 3528 cingat
498 3473 549 3510 sua
562 3453 636 3510 dicta
649 3471 767 3511 corona:

188 3527 232 3587 Ml
245 3529 313 3588 folia
325 3549 360 3588 ex
374 3530 478 3588 hedera
490 3531 609 3608 porrige,
625 3531 744 3599 Baccha,
760 3538 826 3601 tua3
