2534 4172
528 251 689 298 CARMINA.

158 342 205 444 Tu
215 393 328 462 poteras
341 383 444 444 virides
457 386 555 462 pennis
567 385 699 445 hebetare
713 383 883 463 smaragdos,

195 465 298 522 'fincta
309 483 410 541 gerens
423 465 508 522 rubro
520 465 622 542 punica
634 472 724 522 rostra
737 483 828 524 croco.

158 543 225 600 Non
238 541 293 599 luit
305 543 335 600 in
348 541 430 599 terris
443 561 542 599 vocum
556 543 732 600 simulantior
745 541 819 600 ales:

198 620 347 677 Reddebas
360 621 448 676 blaeso
462 628 521 676 tam
534 621 605 678 bene
618 620 703 678 verba
716 639 795 678 sono.

157 698 269 772 Raptus
282 717 312 754 es
325 697 429 754 invidia
442 721 448 764 ;
470 715 527 754 non
540 706 573 755 tu
586 698 644 754 fera
658 697 731 755 bella
743 696 894 755 movebant

198 775 335 832 Garrulus
349 784 378 832 et
391 775 508 851 placidae
520 776 597 852 pacis
611 783 719 833 amator
732 793 793 832 cras

156 852 240 920 Ecce,
255 853 410 910 coturnices
423 853 496 910 inter
509 871 560 910 sua
572 853 670 930 praelia
682 852 797 912 viruntr

197 930 326 988 Forsitan
339 938 368 987 et
380 932 450 987 fiant
462 929 527 988 inde
541 931 701 1007 frequenter
712 949 794 993 nnus.

155 1007 262 1065 Plenus
276 1026 337 1064 eras
350 1008 483 1076 minirum
504 1027 556 1066 nec
569 1027 629 1084 prae
643 1008 780 1066 sermonis
792 1026 886 1066 amore

197 1086 233 1142 In
246 1085 351 1142 multos
364 1093 475 1162 poteras
489 1105 538 1144 ora
550 1105 647 1144 vacare
660 1086 747 1144 cibos.

155 1163 226 1220 Nux
240 1171 298 1220 crat
311 1183 374 1220 esca
386 1163 454 1220 tibia
476 1181 622 1240 causaeque
634 1182 772 1240 papavera
785 1165 893 1224 sommi

197 1241 377 1317 Pellebatque
387 1241 462 1298 sitim
477 1241 610 1317 simplicis
623 1243 724 1298 humor
737 1260 826 1318 aquae.

154 1318 233 1374 Vivit
246 1318 318 1375 edax
331 1319 434 1386 vultur,
448 1319 608 1395 ducensque
622 1338 673 1395 per
684 1326 749 1376 a'e'ra
761 1338 845 1395 gyros

196 1396 315 1462 Miluus,
330 1404 358 1454 et
371 1395 474 1471 pluviae
487 1397 617 1473 graculus
630 1405 727 1454 auctor
739 1416 831 1473 aquae,

153 1473 233 1530 Vivit
247 1481 275 1531 et
288 1473 423 1532 armiferae
437 1475 532 1532 cornix
546 1473 635 1532 inrisa
649 1475 805 1532 Minervc=

195 1551 249 1608 Illa
262 1551 375 1628 quidem
389 1551 468 1608 seclis
482 1553 528 1608 vix
541 1553 676 1608 moritura
688 1571 798 1610 norem.

153 1629 268 1688 Occidit
280 1629 327 1686 ille
339 1629 450 1706 loquax,
464 1631 596 1687 humanae
610 1630 684 1686 vocis
697 1629 799 1706 imago,

195 1707 345 1774 Psittacus,
360 1715 485 1764 extremo
497 1725 600 1764 munus
613 1708 648 1767 ab
662 1707 729 1764 orbe
743 1707 851 1765 datum.

151 1785 272 1860 Optima
284 1785 374 1860 prima
386 1784 443 1842 lere
455 1785 585 1849 manibus
597 1785 745 1861 rapiuntur
758 1784 864 1848 avarisc

195 1862 353 1938 Implentur
365 1861 490 1919 numeris
503 1862 640 1920 deteriora
651 1863 720 1919 suis.

152 1939 258 1998 Tristia
271 1939 443 2016 Phyllacidae
456 1940 599 1998 Thersites
611 1940 709 1997 funera
721 1939 809 1997 vidit:

194 2017 313 2093 Jamque
327 2017 405 2084 cinis,
419 2017 490 2074 rivis
503 2017 645 2086 fratribus,
661 2018 768 2075 Hector
781 2024 850 2075 erat.

153 2093 231 2162 Quid
244 2095 361 2153 referam
375 2095 482 2152 timidae
495 2113 546 2171 pro
559 2102 588 2152 te
600 2096 648 2172 pia
659 2104 725 2152 vota
737 2094 857 2171 puellae3
870 2148 872 2154 ,

193 2173 275 2240 Vota,
290 2172 445 2248 procelloso
458 2191 508 2249 per
521 2191 597 2230 mare
609 2182 691 2249 rapta
705 2171 803 2230 Notol

153 2250 280 2325 Septima
292 2251 340 2307 lux
354 2250 458 2317 aderat,
473 2270 529 2311 non
542 2251 700 2308 exhibitura
713 2259 875 2327 sequentem
886 2271 894 2306 r

193 2329 231 2385 Et
245 2328 337 2386 stabat
350 2347 436 2385 sacua
446 2327 504 2406 jam
519 2329 570 2386 tibi
585 2328 672 2392 Parca
684 2329 745 2386 colo

152 2405 215 2463 Nec
229 2414 323 2463 tamen
335 2405 436 2482 ignavo
445 2403 618 2482 'stupuerunt
631 2407 716 2464 rerba
729 2405 833 2484 palato.
856 2459 859 2466 .

193 2482 332 2541 Clamavit
345 2483 466 2540 moriens
479 2484 583 2560 lingua,
599 2491 619 2517 “
629 2484 759 2552 Corinna,
773 2483 864 2541 vale.”

153 2559 232 2617 Colle
247 2561 300 2617 sub
313 2560 409 2638 Elysio
422 2561 502 2638 nigra
514 2580 613 2619 nemus
625 2562 687 2622 ilice
699 2561 842 2629 frondens,

194 2638 312 2714 Udaque
326 2646 462 2715 perpetuo
475 2639 599 2715 gramine
613 2647 687 2698 terra
697 2639 777 2697 viret.

154 2714 184 2774 si
197 2735 254 2792 qua
266 2715 336 2774 fides
350 2715 459 2774 dubiis:
480 2717 625 2774 volucrum
638 2718 717 2774 locus
730 2714 776 2774 ille
789 2715 898 2794 piarum

192 2793 312 2862 Dicitur,
327 2795 463 2852 obscaenas
477 2813 532 2872 quo
544 2795 730 2872 prohihentur
742 2813 817 2856 avos.

153 2869 216 2929 Illic
229 2870 341 2929 innocui
353 2872 409 2930 late
422 2881 576 2947 pascuntur
589 2872 678 2931 olores
687 2894 696 2930 c

191 2949 230 3006 Et
243 2948 324 3006 dvax
337 2949 466 3017 Phoenix,
480 2950 562 3008 unica
574 2969 684 3027 semper
696 2947 766 3013 avis,

152 3023 284 3102 Explicat
296 3027 358 3104 ipsa
370 3045 434 3084 suas
447 3028 505 3086 ales
518 3028 641 3088 Junouia
653 3047 759 3104 pennas
771 3049 778 3085 a

192 3103 296 3161 Oscula
309 3105 357 3162 dat
369 3105 472 3182 cupido
485 3105 587 3162 blanda
599 3106 729 3171 columba
741 3105 821 3170 mari,

153 3179 296 3239 Psittacus
309 3182 361 3240 has
373 3183 456 3250 inter,
470 3183 604 3242 nemorali
618 3184 684 3242 aede
697 3191 835 3260 receptus,

193 3258 339 3317 Convertit
351 3260 477 3318 volucres
490 3261 520 3318 iu
533 3281 584 3318 sua
596 3262 681 3319 rerba
693 3261 763 3338 pias.

151 3335 227 3394 Ossa
240 3344 268 3394 te
288 3337 310 3395 ’t
322 3337 449 3396 tumulus
460 3359 468 3396 c
489 3339 616 3396 tumulus
628 3358 679 3416 pro
692 3355 807 3414 corpore
819 3343 944 3415 parrust

192 3413 255 3486 Quo
268 3357 339 3494 flpis
352 3415 471 3494 exigarus
483 3435 535 3494 par
548 3416 601 3476 sibi
614 3434 726 3477 carmen
738 3415 836 3478 habet.
