2534 4172
503 155 664 197 cunutus.

127 288 291 347 AEsonidem
304 289 430 346 muttsse
443 288 526 346 velim
539 310 546 345 r
568 307 624 364 quo
637 287 754 366 conjuge
768 287 844 358 felix,

127 367 165 424 Et
178 365 230 424 Dis
244 386 308 425 care
321 367 404 434 ferar,
420 374 448 424 et
460 366 563 424 vertice
577 367 668 424 sidera
682 377 807 444 tangam.

111 446 210 522 ⁸Quid,
226 443 304 522 quod
317 445 411 503 nescio
425 444 474 520 qui
487 444 586 502 mediis
599 464 762 502 concurrere
774 445 805 502 in
817 444 901 504 undis

126 523 268 582 Dicuntur
281 531 400 590 montes,
415 523 577 599 ratibusque
589 522 702 581 inimica
715 523 883 600 Charybdis,
1034 529 1070 583 55

125 602 211 659 Nunc
225 601 337 658 sorbere
350 601 463 668 fretum,
477 619 553 659 nuuc
566 601 698 659 redderer
720 602 865 678 cinctuque
879 601 958 660 saevis

126 679 220 756 Scylla
233 698 320 754 rapax
334 679 450 736 canibus
465 679 560 736 Siculo
573 679 674 736 latrare
688 678 851 756 profundo?

124 757 237 833 Nempe
251 765 349 814 tenens
362 756 438 833 quod
451 776 523 824 amo,
537 757 698 834 gremioque
710 757 741 814 in
755 757 865 816 Iasonis
878 759 998 826 haereus,

124 836 179 893 Per
192 835 266 892 fretu
278 834 362 911 longa
375 834 471 892 trahar
483 857 489 891 ε
511 834 582 892 nihil
594 835 674 892 illum
688 836 815 912 amplexu
827 837 962 905 verebor;

122 914 186 970 Aut
199 913 224 970 si
237 913 305 989 quid
318 919 452 980 metuam,
467 920 591 970 metuam
606 913 640 970 de
653 913 771 990 conjuge
785 913 854 971 solo.
1034 918 1071 972 60

123 991 333 1068 Conjngiumne
346 998 430 1066 putas
441 987 453 1046 l
474 990 654 1066 speciosaque
667 991 782 1049 nomine
794 991 886 1069 oulpae

124 1069 263 1146 Imponis‚
279 1068 392 1136 Medea,
407 1067 485 1125 tuae?
506 1069 574 1145 quin
587 1069 687 1145 aspice,
703 1078 840 1146 quantum

123 1146 298 1224 Aggrediare
311 1146 407 1204 nefus:
428 1154 466 1215 et,
482 1148 548 1204 dum
563 1146 637 1214 licet,
651 1147 744 1224 effuge
757 1148 893 1207 crimen.”

57 1358 150 1508 ppt
170 1313 389 1444 thinius
409 1385 460 1443 nr
481 1384 643 1443 unrssm
664 1384 908 1446 coruncano.

123 1537 285 1599 Consedere
299 1537 392 1606 duces,
408 1547 444 1606 et,
459 1538 537 1614 vulgi
551 1545 643 1596 stante
657 1557 768 1606 corona,

123 1617 224 1694 Surgit
237 1617 272 1675 ad
287 1617 339 1674 hos
353 1617 445 1694 clypei
458 1617 588 1674 dominus
602 1616 791 1692 septemplicis
805 1614 889 1693 Ajax.

121 1697 222 1772 thue
236 1703 296 1754 erat
307 1695 446 1772 impetens
459 1694 519 1764 irae,
534 1694 626 1770 Sigeia
639 1703 719 1752 torvo

121 1775 224 1832 Litora
236 1774 366 1850 respexit,
382 1774 553 1849 classemque
566 1773 596 1830 in
608 1773 700 1839 litore,
713 1772 812 1829 vultur

121 1851 334 1928 Intendensque
347 1869 455 1920 manus,
472 1851 628 1927 “Agimus,
643 1851 696 1928 prb
711 1850 823 1926 Jupiter
834 1849 861 1907 l’
883 1849 984 1988 inquit,
1052 1854 1068 1908 5

123 1930 234 1987 “Ante
248 1939 321 1987 rates
334 1949 447 1987 oausam
461 1949 467 1984 ι
490 1937 519 1986 et
532 1947 644 1987 meeum
658 1929 801 1988 confertur
815 1926 912 1988 Ulixes

121 2009 165 2068 At
178 2027 237 2066 non
249 2007 398 2065 Hectoreis
412 2006 550 2065 dubitavit
562 2007 659 2066 cedere
671 2006 801 2075 flammis,

122 2087 205 2153 Quas
218 2105 270 2162 ego
284 2084 414 2153 sustinui,
429 2104 499 2162 quus
512 2085 565 2142 hac
579 2103 596 2140 a
609 2084 696 2142 classe
710 2086 814 2162 fugavi.

121 2163 228 2222 Tutius
242 2172 285 2221 est
297 2163 384 2240 igitur
397 2163 471 2220 fietis
484 2165 650 2220 contendere
663 2164 763 2230 verbis,

122 2243 219 2309 Quam
233 2261 357 2318 pugnare
371 2261 476 2298 manus
499 2241 547 2298 scd
560 2260 612 2299 nec
624 2241 695 2298 mihi
709 2242 800 2299 dicere
813 2250 987 2318 promptum,
1034 2245 1070 2301 10

122 2321 187 2378 Neo
200 2319 290 2377 facere
303 2327 346 2377 est
358 2318 422 2376 isti:
444 2327 636 2396 quantumque
650 2337 701 2396 ego
716 2319 810 2377 Morte
823 2319 917 2388 feroci,

122 2399 271 2465 Quantum
285 2397 342 2455 acie
356 2397 442 2468 vulco,
456 2405 567 2455 tantum
580 2398 654 2454 valet
667 2397 720 2455 iste
734 2396 882 2474 loquendo.

123 2477 188 2534 Nec
201 2475 381 2533 memoranda
395 2483 490 2532 tamen
502 2475 580 2532 vobis
594 2494 656 2532 mea
668 2477 751 2542 sacta,
767 2475 886 2552 Pelasgi,

35 2553 38 2564 ’
122 2555 195 2612 Esse
208 2572 289 2622 reor;
310 2553 419 2612 vidistis
433 2553 525 2610 enim:
547 2573 598 2611 suc
610 2561 703 2612 narret
717 2553 832 2621 Ulixes,

123 2631 196 2700 Quae
211 2631 270 2689 siue
283 2639 355 2690 teste
369 2631 449 2709 gerit,
466 2651 584 2707 quorum
598 2651 654 2688 nox
668 2631 779 2690 conscia
792 2631 849 2689 sola
862 2639 915 2689 est.
1034 2634 1068 2689 15

123 2709 246 2768 Praemie
259 2729 362 2786 magns
375 2709 434 2786 peti
446 2710 553 2778 fate0r;
576 2709 626 2766 sed
640 2709 727 2766 demit
741 2709 876 2768 honorem

122 2787 275 2861 AEmulusr
296 2787 377 2864 Ajuoi
390 2807 447 2845 non
461 2795 504 2844 est
517 2789 639 2846 tenuisse
653 2788 814 2864 superbum,

124 2866 169 2924 sit
181 2865 248 2924 licet
261 2865 315 2923 hoc
328 2866 436 2943 ingens,
451 2865 588 2942 quidquid
602 2865 742 2942 superavit
756 2865 864 2925 Ulixes.

124 2945 185 3002 Iste
198 2943 266 3002 tulit
278 2943 402 3021 pretium
412 2943 472 3021 jem
486 2963 561 3002 nuno
574 2943 734 3002 certaminis
748 2943 843 3020 hujus,

123 3021 190 3089 Quo
204 3041 292 3098 quum
305 3021 397 3081 vietus
411 3022 472 3089 erit,
487 3041 599 3079 mecum
613 3023 733 3080 certbsse
746 3021 859 3080 feretur.
1032 3023 1072 3082 20

123 3103 219 3178 Atque
233 3115 294 3176 ego,
310 3100 334 3157 si
346 3100 436 3157 virtus
449 3100 480 3156 in
493 3119 539 3156 mc
553 3099 714 3158 dubitabilis
728 3107 810 3167 esset,

124 3177 282 3236 Nobilitate
294 3187 396 3255 potens
411 3197 509 3246 essem,
524 3178 674 3236 Telamone
687 3185 807 3246 creatus,

124 3255 235 3315 Moenie
247 3255 296 3332 qui
308 3255 375 3312 forti
387 3253 508 3332 Trojana
521 3257 573 3312 sub
588 3253 710 3313 Hercule
723 3254 807 3331 oepit,

123 3334 276 3411 Litoraque
289 3333 405 3391 intravit
419 3334 552 3410 Pagesseu
565 3333 673 3391 Colcha
685 3332 788 3392 carina.

121 3413 229 3471 AEacns
241 3410 309 3469 huic
341 3419 402 3470 ater
415 3420 467 3480 est,
482 3411 531 3489 qui
541 3411 606 3488 jura
619 3409 765 3468 silentibus
778 3408 835 3467 illio
1032 3413 1070 3472 st

122 3489 239 3558 Reddit,
253 3489 303 3546 ubi
353 3489 445 3547 olidcn
459 3509 556 3547 saxum
571 3508 654 3565 grave
668 3487 808 3566 Sisyphus
821 3492 914 3566 urget.

120 3567 231 3632 AEscon
243 3568 371 3647 agnoscit
384 3586 520 3638 summus,
535 3567 698 3651 prolemque
711 3566 817 3625 letetur
