2534 4172
535 205 563 244 Ρ.
581 203 689 243 ovmu
711 203 848 243 NASONIS

238 335 351 414 Jupiter
365 355 425 393 esse
440 355 518 393 suam
532 358 538 394 ε
561 337 600 394 sic
613 338 648 393 ab
663 337 734 395 Jove
747 335 847 394 tertius
861 335 945 412 Ajax.

238 416 300 472 Nec
312 423 407 472 tamen
420 414 483 472 haec
496 416 579 472 series
592 415 622 472 in
635 434 718 472 causa
731 415 829 491 prosit,
844 413 954 480 Achivi,

238 492 269 550 si
282 492 353 551 mihi
366 512 430 550 cum
446 512 547 568 magno
560 512 617 550 non
631 501 673 550 est
686 493 842 550 communis
857 490 976 548 Achille.
1155 493 1194 548 30

239 571 337 629 Frater
349 579 428 638 erat;
449 571 572 626 fraterna
584 580 667 647 peto:
690 570 757 647 quid
771 570 906 646 sanguine
920 577 1013 626 cretus

240 648 381 725 Sisyphio,
395 649 542 722 furtisque,
558 657 586 706 et
599 649 696 706 fraude
710 648 870 705 simillimus
883 646 933 714 illi,

240 727 345 784 Inserit
357 727 481 783 AEacidis
495 725 591 784 alienae
604 727 718 783 nomina
731 727 846 802 gentis?

240 805 287 862 Aa
301 804 375 882 quod
390 805 419 860 in
434 823 511 860 arma
524 805 609 880 prior,
625 804 757 881 nulloque
771 805 824 860 sub
837 802 928 859 indice
941 800 1014 868 veni,

239 884 329 940 Arma
341 883 468 958 neganda
480 881 573 939 mihil
594 883 740 958 potiorque
753 881 894 939 ridebitur
906 879 1004 947 ille,-
1054 897 1057 903 ·
1155 882 1193 935 35

241 961 350 1018 Ultima
363 960 412 1036 qui
425 960 507 1035 cepit,
524 960 745 1036 detrectavitque
758 959 852 1016 furore

240 1038 375 1096 Militiam
389 1039 454 1094 ficto
467 1059 473 1094 :
496 1038 584 1095 donec
597 1037 735 1094 sollertior
748 1038 810 1104 isto,

170 1131 172 1136 ’
242 1116 296 1172 Sed
311 1116 364 1172 sibi
377 1115 509 1182 inutilior,
525 1115 616 1172 timidi
630 1127 788 1172 commenta
800 1114 901 1172 retexit

242 1192 415 1269 Naupliades
428 1193 522 1260 animi,
537 1194 678 1270 vitataque
692 1194 777 1250 traxit
790 1193 819 1249 in
833 1189 930 1249 arma?

242 1272 359 1348 Optima
372 1290 446 1327 nunc
459 1279 560 1338 sumat,
576 1273 624 1349 qui
638 1290 748 1328 sumere
761 1271 852 1328 noluit
865 1271 939 1328 ulla:

242 1350 304 1406 Nos
316 1348 484 1416 inhonorati,
500 1358 528 1406 et
541 1349 621 1406 donis
634 1349 807 1425 patruelibus
820 1349 890 1415 orbi,

242 1427 405 1486 Obtulimus
420 1427 531 1503 quinos
545 1427 580 1483 ad
594 1429 685 1504 prima
697 1427 828 1504 pericula,
844 1428 941 1483 simus.

242 1506 337 1583 Atque
350 1505 459 1562 utinam
474 1515 522 1561 aut
534 1524 616 1562 verus
631 1505 708 1562 furor
721 1505 776 1573 ille,
791 1515 840 1560 aut
854 1503 975 1561 creditus
989 1507 1083 1572 esset;

243 1583 305 1641 Nec
318 1603 411 1641 comes
425 1583 471 1640 hic
484 1583 623 1660 Phrygias
636 1603 759 1660 unquam
772 1583 894 1640 venisset
907 1581 943 1639 ad
955 1599 1032 1637 arces

243 1662 382 1719 Hortator
395 1661 548 1718 scelerum!
569 1680 625 1718 non
636 1671 673 1728 te,
689 1661 815 1719 Poeantia
829 1660 929 1735 proles,

245 1740 412 1816 Expositum
428 1740 551 1796 Lemnos
564 1748 661 1796 nostro
675 1759 740 1796 cum
753 1739 868 1796 crimine
882 1737 1015 1803 haberet;

245 1819 301 1884 Qui
316 1837 397 1884 nunc,
413 1825 446 1874 ut
460 1827 626 1884 memorant,
642 1817 816 1874 silvestribus
830 1817 942 1872 abditus
956 1813 1055 1882 antris,

245 1896 320 1953 Saxa
333 1915 428 1952 moves
442 1895 559 1972 gemitu,
574 1895 786 1971 Laertiadaeque
799 1893 920 1970 precaris

245 1974 317 2040 Quae
331 1974 449 2031 meruit:
472 1993 543 2051 quae,
559 1974 583 2030 si
596 1971 634 2031 Di
648 1974 713 2038 sint,
728 1992 784 2029 non
797 1991 868 2028 vana
881 1969 1010 2048 preceris.

244 2053 283 2110 Et
295 2071 370 2108 nunc
384 2051 430 2109 ille
443 2054 540 2108 eadem
553 2052 634 2111 nobis
644 2051 756 2128 juratus
768 2051 797 2107 in
811 2068 889 2108 arma

246 2129 329 2187 Heu!
351 2150 416 2206 pars
430 2149 486 2186 una
500 2129 613 2197 ducum,
628 2149 683 2207 quo
698 2147 855 2186 successore
869 2127 978 2204 sagittae

247 2208 376 2266 Herculis
390 2216 517 2275 utuntur,
533 2207 639 2264 fractus
652 2208 805 2283 morboque
818 2206 946 2282 fameque

247 2287 425 2362 Velaturque,
440 2287 577 2362 aliturque
591 2287 707 2342 avibus:
729 2285 910 2361 volucresque
923 2281 1045 2360 petendo

247 2364 349 2422 Debita
362 2365 490 2442 Trojanis
503 2373 614 2422 exercet
628 2364 735 2440 spicula
747 2364 830 2420 fatis:

248 2445 258 2498 l
262 2443 297 2500 lle
312 2452 406 2500 tamen
419 2443 496 2509 vivit,
512 2443 645 2519 quianon
659 2441 802 2498 comitavit
816 2441 928 2497 Ulixen.

247 2522 347 2578 Mallet
362 2530 389 2579 et
402 2521 500 2578 infelix
515 2519 678 2577 Palamedes
692 2538 750 2576 esse
764 2517 894 2576 relictus!

248 2600 369 2667 Viveret,
384 2607 433 2656 aut
447 2607 520 2657 certe
533 2599 622 2656 letum
638 2593 698 2656 s'ine
711 2598 826 2656 crimine
841 2596 976 2654 haberet:

248 2679 338 2744 Quem
353 2678 425 2735 male
438 2676 558 2734 convicti
571 2676 689 2732 nimium
702 2695 810 2732 memor
823 2676 876 2732 iste
890 2673 991 2730 furoris

250 2755 369 2812 Prodere
384 2775 442 2812 rem
457 2755 583 2812 Danaam
596 2754 698 2822 finxit;
720 2755 873 2830 fictumque
887 2751 1015 2830 probavit

250 2834 363 2891 Crimen
375 2857 383 2901 ;
405 2842 434 2890 et
447 2834 578 2900 ostendit,
594 2833 669 2909 quod
679 2832 739 2908 jam
753 2831 931 2908 praefoderat,
948 2847 1059 2886 aurum.

250 2913 324 2988 Ergo
338 2922 386 2967 aut
401 2911 482 2968 exilio
499 2912 569 2968 vires
584 2910 718 2968 subduxit
731 2910 857 2976 Achivis,

249 2991 308 3046 Aut
323 3009 407 3047 necet
429 2991 469 3047 sic
483 3000 598 3066 pugnat,
614 2990 654 3046 sic
668 2999 710 3046 est
723 2988 891 3045 metuendus
905 2985 1013 3042 Ulixes.

240 3070 306 3135 „Qui
319 3069 384 3124 licet
398 3068 507 3144 eloquio
521 3067 608 3124 fidum
622 3086 732 3144 quoque
746 3067 870 3124 Nestora
883 3066 982 3131 vincat,

188 3161 190 3205 t
253 3147 337 3204 Haud
350 3157 444 3203 tamen
458 3146 569 3213 efficiet,
584 3146 726 3202 desertum
742 3153 773 3202 ut
789 3145 910 3202 Nestora
923 3143 1027 3200 crimen

252 3227 320 3282 Esse
334 3245 395 3281 rear
407 3224 535 3291 nullum;
556 3224 605 3300 qui
618 3242 705 3299 quum
720 3223 881 3299 imploraret
895 3221 998 3278 Ulixen

183 3339 190 3354 .
253 3304 275 3358 V
279 3304 371 3360 ulnera
385 3302 567 3379 tarduscqui,
581 3301 727 3377 fessusque
741 3301 873 3358 senilibus
887 3299 976 3366 annis,

253 3381 383 3438 Proditus
397 3401 413 3438 a
427 3381 501 3438 socio
516 3389 578 3438 est:
599 3399 656 3437 non
670 3380 731 3436 haec
744 3380 816 3436 mihi
830 3378 946 3436 crimina
957 3375 1026 3452 fingi

223 3513 226 3519 .
250 3460 310 3519 seit
323 3460 394 3516 bene
408 3458 551 3534 Tydides;
574 3459 621 3535 qui
635 3458 747 3516 nomine
761 3476 837 3532 saepe
850 3463 980 3513 vocatum

252 3537 415 3612 Corripuit:
437 3537 603 3613 trepidoque
617 3535 713 3612 fugam
727 3535 904 3611 exprobravit
918 3533 1016 3592 amico.

253 3614 401 3691 Aspiciunt
416 3613 503 3670 oculis
517 3613 617 3691 Superi
630 3613 758 3678 mortalia
767 3613 864 3690 justis.
