2534 4172
501 195 663 238 CARMINA·

136 333 189 392 'l’u
203 332 281 390 canis
295 340 400 389 esterno
415 331 547 409 quicquid
562 333 686 390 restabat
701 333 827 392 Homero

186 411 231 469 Ne
244 418 357 469 careant
371 430 482 468 summa
495 412 595 469 Troica
609 412 667 470 fata
679 432 775 470 manu.

140 491 225 550 Naso
238 511 339 566 parum
354 489 487 566 prudens,
502 489 602 548 Artem
616 491 684 548 dum
698 492 784 549 tradit
798 491 919 562 amandi,
1061 497 1096 552 15

187 569 329 627 Doctrinae
344 569 466 646 pretium
480 569 560 626 triste
575 570 708 646 magister
721 570 817 628 habet.

141 648 220 706 Sunt
233 655 329 706 tamen
342 647 416 704 inter
429 665 459 704 se
469 649 629 705 communia
643 668 721 706 sacra
734 650 833 726 poetis,

187 726 337 784 Diversum
351 726 478 804 quamvis
493 727 611 804 quisque
624 747 774 805 sequamur
787 730 850 787 iter.

140 805 276 874 Quorum
289 813 319 863 te
332 825 493 872 memorem,
508 805 635 880 quamvis
649 807 747 883 procul
760 808 904 878 absumus,
919 826 980 866 esse

77 931 82 937 .
190 884 331 960 Suspicor,
347 895 375 941 et
388 903 470 942 casus
484 883 554 942 velle
566 885 658 942 levare
670 904 757 943 meos.
1058 889 1096 944 20

141 963 187 1020 'Fe
201 962 280 1032 duce,
295 963 459 1038 magnificas
473 961 549 1020 Asiae
564 964 758 1040 perspeximus
774 965 876 1024 nrbes:

154 1045 166 1061 ⁹
186 1041 328 1100 Trinacris
342 1049 385 1099 est
399 1041 497 1109 oculis,
511 1048 540 1099 te
553 1041 633 1109 duce,
648 1050 716 1100 ncta
729 1043 810 1101 meis.

143 1119 279 1178 Vidimus
292 1120 403 1176 AEtnoea
417 1119 520 1178 coelum
535 1119 728 1196 splendescere
741 1122 864 1192 flamma,

188 1199 357 1275 Suppositus
372 1199 461 1256 monti
475 1219 558 1276 quam
573 1199 661 1256 vomit
674 1218 722 1257 ore
735 1201 835 1278 gigas;

145 1277 347 1355 Hennaeosque
360 1276 446 1345 lacus,
461 1286 490 1334 et
503 1277 606 1335 olentia
620 1285 721 1355 stagna
735 1279 832 1348 Palici,
1053 1287 1091 1342 25

187 1356 305 1430 Quaque
318 1355 376 1413 suis
390 1355 505 1432 Cyanen
520 1357 618 1414 miscet
631 1355 750 1433 Anapus
763 1359 852 1435 aquis.

146 1433 210 1493 Nec
224 1434 322 1511 procul
335 1433 402 1492 hinc
412 1434 578 1512 Nymphon,
594 1455 664 1512 quse,
680 1435 749 1493 dum
763 1436 836 1514 fugit
850 1436 939 1496 Elidis
952 1457 1074 1508 emnem,

185 1513 274 1571 Tecta
287 1513 340 1570 sub
353 1521 568 1590 aequoreamunc
582 1533 692 1591 quoque
705 1515 793 1573 currit
805 1535 889 1592 eque.

146 1591 206 1649 Hic
219 1591 290 1648 mihi
302 1591 422 1648 labentis
436 1611 500 1668 pars
515 1592 581 1650 anni
594 1612 697 1669 magua
710 1601 824 1669 peracta
836 1603 900 1663 est;

187 1669 286 1727 Eheu!
307 1689 391 1746 quam
405 1669 500 1747 dispar
513 1679 557 1728 est
570 1671 648 1729 locus
662 1671 708 1729 ille
722 1671 819 1730 Getis!
840 1684 843 1692 “
1056 1677 1095 1733 30

146 1747 186 1806 Et
199 1758 287 1825 quota
299 1768 364 1824 pars
378 1748 438 1806 haec
452 1756 520 1807 sunt
532 1768 636 1819 rarum,
651 1769 721 1827 quas
734 1750 857 1810 vidimus
870 1751 962 1820 ambo,

187 1827 228 1885 Te
242 1826 313 1884 mihi
322 1825 462 1904 jucundas
475 1827 612 1886 efficiente
626 1828 701 1887 rias!

147 1905 205 1963 Seu
217 1913 277 1963 rate
290 1905 422 1964 caeruleas
435 1905 510 1983 picta
524 1906 693 1966 sulcavimus
710 1907 817 1979 undas3

187 1983 295 2042 Esseda
308 2004 360 2042 nos
374 1984 440 2062 agili
454 1984 511 2042 sive
525 1985 614 2042 tulere
627 1994 699 2044 rota.

148 2061 229 2138 Saepe
242 2061 334 2120 brevis
346 2062 429 2121 nobis
442 2063 549 2122 vicibus
562 2064 606 2122 via
620 2065 678 2122 visa
690 2065 822 2141 loquendi
836 2088 844 2134 ς

188 2141 336 2219 Pluraque,
352 2141 377 2199 si
390 2160 529 2210 numeres,
544 2143 629 2200 verba
642 2143 720 2202 fuere
734 2144 833 2222 gradu.

148 2219 229 2296 Saepe
242 2220 302 2277 dies
316 2239 445 2278 sermone
458 2220 550 2278 minor
562 2221 634 2279 fuit:
655 2221 740 2296 inque
753 2222 925 2300 loquendum

186 2297 279 2357 'l'arda
292 2317 344 2375 per
356 2297 469 2357 aestivos
482 2299 573 2357 deluit
586 2299 656 2358 hora
669 2300 739 2358 dies.

147 2379 201 2436 Est
210 2376 325 2452 aliquid,
339 2395 420 2435 casus
432 2377 540 2454 pariter
552 2378 680 2436 timuisse
695 2377 835 2448 marinos;

186 2455 347 2531 iunctaque
359 2455 396 2513 od
408 2475 552 2534 aequoreos
566 2467 633 2514 vota
645 2457 744 2515 tulisse
758 2456 843 2515 deos:

147 2535 186 2592 Et
200 2532 284 2592 modo
296 2553 341 2592 res
354 2535 443 2612 egisse
457 2534 558 2604 simul;
580 2534 665 2593 modo
679 2555 776 2594 rursus
789 2536 824 2593 ab
837 2535 903 2605 illis,

188 2612 317 2680 Quorum
331 2632 389 2671 non
401 2613 517 2691 pudeat,
529 2633 613 2690 posse
627 2613 728 2672 referre
737 2614 826 2692 jocos.

148 2691 222 2750 Haec
235 2691 289 2749 tibi
302 2691 327 2749 si
339 2691 469 2760 subeant,
484 2692 573 2750 absim
588 2691 662 2762 licet,
677 2693 808 2751 omnibus
822 2692 899 2753 horis

187 2771 264 2828 Ante
278 2778 342 2828 tuos
355 2770 461 2838 oculos,
477 2779 509 2828 ut
523 2770 607 2829 modo
622 2771 707 2840 visus,
721 2790 778 2831 ero.

147 2849 215 2925 Ipse
228 2848 341 2926 quidem
355 2848 473 2907 extremi
486 2869 575 2927 quum
588 2850 642 2908 sim
663 2851 716 2908 sub
730 2850 843 2909 cardine
857 2849 964 2920 mundi,

187 2927 245 2995 Qui
258 2946 369 3004 semper
379 2927 494 3005 liquidis
507 2927 589 2986 altior
603 2937 697 2987 exstat
710 2929 800 3006 aquis,

146 3006 189 3064 Te
202 3015 298 3064 tamen
310 3007 430 3074 intueor,
445 3026 503 3082 qno
518 3007 578 3065 solo
589 3016 704 3084 pectore
717 3027 843 3084 possum,

187 3085 227 3142 Et
239 3092 334 3143 tecum
348 3084 441 3162 gelido
455 3103 532 3162 saepe
545 3085 598 3143 sub
612 3104 664 3144 axe
676 3085 785 3164 loquor.

148 3162 206 3222 Hic
219 3181 258 3231 es,
273 3170 303 3221 et
314 3163 437 3240 ignoras,
452 3172 481 3222 et
494 3163 560 3222 ades
574 3163 772 3222 celeberrimus
785 3164 886 3222 absens
899 3185 907 3222 ε

188 3242 279 3319 Inque
293 3241 380 3300 Getas
393 3242 487 3300 media
499 3243 575 3300 visus
588 3243 623 3300 ab
637 3243 706 3300 urbe
719 3243 808 3300 venis.

150 3320 249 3380 Redde
262 3320 372 3389 ricem3
395 3329 433 3387 et,
447 3321 580 3399 quoniam
593 3320 671 3396 regio
684 3320 791 3379 felicior
803 3320 859 3378 ista
872 3327 926 3390 est,

188 3399 251 3458 Illic
263 3418 310 3457 me
323 3399 442 3458 memori
454 3407 567 3478 pectore
581 3417 692 3475 semper
704 3397 802 3457 habes.
