2486 4172
178 106 210 162 16
488 120 517 161 c.
539 119 674 160 vaunnrr
696 119 834 160 canonos

214 260 321 317 Moesta
333 276 424 336 neque
437 256 550 314 assiduo
563 256 704 314 tabescere
716 255 825 314 lumina
837 255 906 313 fletu

253 337 411 404 cessarent,
425 336 555 413 tristique
568 335 658 392 imbre
671 333 784 392 madere
796 354 886 411 genre.

213 415 313 485 Qualis
325 416 355 473 in
365 414 433 473 aerii
446 414 588 492 pellucens
602 414 704 471 vertice
715 414 821 472 montis

253 495 342 552 Risus
355 513 486 552 muscoso
498 493 609 570 prosilit
623 513 639 550 e
652 491 765 568 lapide:

213 573 270 643 Qui
283 592 347 630 cum
362 573 397 630 dc
409 591 499 650 prona
512 590 637 649 praeceps
651 581 694 628 est
708 569 778 628 valle
791 570 914 639 volutus,

252 651 306 710 Per
319 651 442 708 medium
457 651 537 708 densi
550 649 650 707 transit
662 650 716 706 iter
728 648 836 727 populi,

212 730 302 788 Dulce
315 730 416 788 viatori
428 729 502 787 lasso
515 729 544 786 in
559 727 661 786 sudore
674 728 809 796 levamen,

251 808 324 868 Cum
338 807 431 885 gravis
445 814 559 865 exustos
573 814 660 864 aestus
673 805 780 864 hiulcat
793 825 886 885 agros.

210 887 254 945 Ac
267 886 356 944 veluti
368 886 449 963 nigro
456 885 569 963 jactatis
583 885 694 943 turbine
707 885 801 942 nautis

251 965 356 1024 Lenius
370 964 497 1041 aspirans
510 983 578 1020 aura
591 961 713 1020 secunda
726 962 811 1032 venit,

210 1045 274 1103 Jam
310 1062 371 1101 rece
386 1042 518 1106 Pollucis,
529 1042 588 1118 jam
603 1041 729 1100 Castoris
742 1041 908 1119 implorata:

250 1122 276 1180 Τ
304 1121 388 1180 eiuit
401 1121 482 1179 nobis
496 1120 623 1178 Manlius
636 1120 783 1179 auxilium.

212 1279 277 1336 Hoc
290 1277 351 1346 tibi,
366 1278 442 1350 quod
456 1277 545 1356 potui,
560 1277 719 1335 confectum
733 1277 856 1335 carmine
870 1296 974 1335 munus

251 1356 308 1415 Pro
315 1355 421 1424 multis,
437 1355 538 1425 Manli,
553 1355 680 1414 redditur
692 1355 809 1415 officiis:

211 1435 256 1494 Ne
270 1445 393 1492 vestrum
408 1436 506 1493 scabra
518 1444 617 1512 tangat
630 1434 757 1510 robigine
770 1453 873 1493 nomen

250 1514 322 1572 Haec
336 1523 420 1589 atque
433 1514 481 1571 illa
494 1514 562 1582 dies,
578 1522 662 1591 atqua
675 1513 738 1580 alia,
753 1524 838 1591 atque
852 1512 916 1571 alia.

211 1592 278 1650 Huc
291 1592 397 1650 addant
411 1593 477 1651 Diri
491 1612 575 1670 quam
588 1592 718 1668 plurima,
733 1611 798 1669 quaa
811 1591 928 1649 Themis
942 1591 1009 1648 olim

249 1671 382 1748 Antiquis
395 1671 477 1729 solita
489 1680 532 1730 est
545 1689 662 1729 munera
674 1669 747 1727 ferre
760 1669 824 1747 piis.

210 1749 277 1808 Sitis
290 1749 385 1807 felices
399 1757 427 1806 et
441 1758 473 1806 tu
487 1749 571 1806 simul
584 1756 613 1806 et
626 1755 677 1805 tua
688 1747 747 1805 vito

249 1828 288 1885 Et
301 1827 402 1885 domus
416 1829 487 1903 ipsa,
502 1828 532 1884 in
546 1845 601 1903 qua
614 1825 743 1894 lusimus,
758 1834 786 1883 ct
800 1825 932 1882 domina:

209 1906 248 1966 Et
262 1906 310 1983 qui
323 1905 464 1982 principio
476 1904 557 1962 nobis
571 1913 600 1962 te
613 1903 739 1970 tradidit,
755 1923 771 1960 a
785 1923 841 1981 quo

250 1984 322 2041 Sunt
335 1983 426 2060 primo
439 1983 521 2041 nobis
532 1983 626 2040 omnia
638 1991 706 2040 nats
718 1982 808 2040 bona:

209 2064 248 2121 Et
261 2061 344 2138 longe
357 2070 422 2120 ante
436 2080 533 2119 omnes
547 2061 616 2119 mihi
630 2081 694 2138 quoe
709 2081 753 2119 me
766 2059 856 2119 carior
869 2060 932 2138 ipso
946 2072 997 2129 est,

250 2141 314 2198 Lux
328 2159 407 2198 meas
430 2159 485 2217 qua
497 2140 559 2198 viva
572 2139 664 2199 vivere
678 2139 757 2199 dulce
772 2138 841 2198 mihi
854 2149 907 2199 est.

245 2333 250 2340 ‚
324 2319 329 2344 ,
375 2301 438 2362 mr
503 2328 508 2337 ,
608 2290 620 2302 ”
706 2314 712 2331 .

264 2431 269 2438 ,
342 2359 351 2368 ·
536 2411 543 2453 ,
619 2368 707 2426 vsu.

286 2495 294 2519 t
328 2489 332 2497 ¹
362 2453 367 2500 l
434 2481 465 2514 l*
541 2458 547 2490 l
583 2477 590 2486 '
646 2458 650 2468 .

230 2533 258 2583 ¹.
366 2510 371 2580 l
522 2527 577 2578 'ao
598 2537 807 2604 unsinning

108 2691 111 2696 ’
135 2730 154 2744 ,,
208 2672 273 2732 Etsi
286 2692 332 2732 me
346 2672 459 2731 assiduo
474 2672 635 2730 confectum
648 2689 717 2730 cura
729 2668 827 2727 dolore

59 2740 67 2752 ¹
249 2737 366 2810 Sivocat
378 2771 396 2809 a
409 2740 510 2818 doctis,
523 2747 652 2817 Hortalo,
667 2746 842 2824 virginibusc
942 2755 944 2759 '
965 2743 967 2751 '
995 2751 998 2764 ¹
1084 2749 1087 2756 '

209 2831 272 2890 Neo
284 2833 359 2906 potis
373 2839 417 2886 est
430 2829 525 2886 dulces
540 2828 690 2885 Musarum
704 2843 868 2903 expromere
881 2824 968 2884 toetus

249 2909 334 2967 Mens
348 2907 452 2966 animia
474 2907 561 2965 tantis
575 2906 693 2964 fluctuat
706 2905 770 2982 ipsa
782 2903 882 2963 malisr

209 2989 341 3063 Namque
355 2987 411 3049 mei
424 3005 514 3063 nuper
526 2985 647 3044 Lethaeo
661 2983 773 3061 gurgite
785 2982 881 3042 fratris

249 3065 420 3124 Pallidulum
435 3084 551 3122 manans
565 3063 645 3121 alluit
660 3063 737 3122 unda
750 3063 872 3141 pedem;

208 3145 294 3204 Troia
308 3144 430 3202 Rboeteo
443 3163 527 3220 quem
541 3143 638 3212 subter
650 3141 732 3200 litore
745 3141 830 3200 tellus

249 3224 388 3299 Ereptum
405 3222 509 3279 nostris
522 3221 626 3279 obterit
639 3240 674 3278 ex
688 3219 787 3278 oculis.

209 3299 365 3379 Alloquor?
387 3302 536 3358 audierone
551 3319 675 3378 unquam
689 3308 738 3356 tua
751 3298 826 3357 sacta
839 3294 1022 3376 loquentem?

249 3381 403 3456 Nunquam
418 3399 470 3456 ego
483 3389 521 3446 te,
536 3381 594 3436 vita
607 3379 693 3436 frater
706 3375 861 3444 amabilior,
1127 3383 1161 3436 10

210 3459 357 3594 Aspiciam
371 3456 512 3534 posthacl
533 3467 562 3514 at
576 3466 651 3514 certe
665 3474 776 3531 semper
789 3455 899 3522 amabo,

270 3555 367 3613 emper
380 3544 481 3594 moesta
493 3545 543 3593 tua
558 3534 683 3594 carmina
694 3542 785 3590 morte
797 3551 913 3592 canam:
