2486 4172
198 149 232 204 14
511 167 539 206 c.
561 166 697 207 vatnam
718 166 854 208 caruanr
891 179 896 186 ·

234 299 388 358 Funestam
401 307 532 358 antennae
547 300 688 378 deponant
702 299 826 376 undique
840 307 956 366 vestem,
1032 301 1046 359 ‘a
1073 268 1096 294 J

234 377 416 456 Candidaque
429 379 528 437 intorti
542 380 692 437 sustollant
705 379 767 436 vela
780 378 922 445 rudentes,
1001 371 1008 385 ‘

233 456 342 514 Lucida
355 478 410 535 qua
423 457 570 534 splendent
583 458 689 516 summi
702 457 844 516 carchesia
856 456 940 514 mali:

234 535 450 612 Quamprimum
465 555 580 594 cernens
591 547 623 594 ut
637 538 704 594 laeta
714 536 817 613 gaudia
829 543 924 594 mente

232 612 403 689 Agnoscam,
418 635 483 673 cum
496 625 525 673 te
538 615 669 674 reducem
683 623 751 672 aetas
764 633 897 693 prospera
909 611 1021 674 sistet.”

233 692 307 751 Haec
321 693 453 752 mandata
465 694 544 770 prius
558 695 699 752 constanti
712 703 806 752 mente
820 701 963 751 tenentem
1039 752 1043 764 ,
1070 741 1073 750 ,

232 770 351 840 Thesea,
366 791 417 830 ceu
431 773 522 848 pulsae
536 782 683 830 ventorum
697 773 810 830 flandae
824 771 914 829 nubes
980 781 1001 833 ‘l
1025 769 1027 777 Α

233 848 349 906 Aeriam
362 851 436 908 nivei
449 851 563 919 montis,
578 851 692 927 liquere,
707 870 851 909 cacumen.

232 926 273 984 At
286 936 374 1005 pater,
390 937 422 987 ut
436 949 548 986 summa
559 938 741 1007 prospectum
756 948 790 987 ex
803 949 866 987 arce
879 927 1002 1006 petebat,

231 1005 326 1064 Anxia
338 1007 368 1064 in
381 1007 510 1065 assiduos
523 1007 674 1065 absumens
687 1007 794 1065 lumina
806 1008 900 1076 fletus,

233 1081 307 1141 Cum
321 1085 444 1161 primum
458 1085 549 1143 inflati
562 1086 708 1162 conspexit
721 1087 809 1143 lintea
822 1086 886 1152 veli,
1072 1145 1078 1154 ,

232 1160 408 1239 Praecipitem
423 1183 484 1222 sese
497 1164 676 1241 scopulorum
690 1184 705 1222 e
718 1165 821 1224 vertice
831 1164 908 1243 jecit,
977 1157 995 1226 's
1020 1186 1038 1203 -’
1055 1160 1059 1169 ’

207 1253 210 1261 ·
231 1239 377 1299 Amissum
391 1243 507 1300 credens
519 1243 623 1302 immiti
636 1244 745 1302 Thesea
757 1244 825 1302 fato.

232 1316 278 1376 Sic
292 1317 405 1378 funesta
418 1321 519 1378 domus
532 1323 675 1399 ingressus
689 1330 764 1380 tecta
775 1331 893 1399 paterna

231 1395 327 1455 Morte
340 1397 418 1456 ferox
432 1401 569 1469 Theseus,
584 1402 695 1478 qualem
709 1400 832 1459 Minoidi
844 1400 953 1458 luctum

231 1474 382 1534 Obtulerat
394 1488 488 1537 mente
501 1479 668 1548 immemori,
683 1481 768 1538 talem
782 1481 843 1558 ipse
857 1477 973 1556 recepit.

231 1552 304 1618 Quae
314 1562 376 1613 tum
389 1566 571 1635 prospectans
585 1559 730 1617 cedentem
745 1568 848 1618 moesta
860 1559 991 1624 cannam,
1028 1558 1037 1574 ”
1100 1558 1106 1589 ”

223 1631 406 1711 Multiplices
419 1637 513 1695 animo
525 1637 655 1696 volvebat
669 1637 763 1695 saucia
775 1656 866 1694 curas.

229 1709 270 1766 At
283 1721 362 1789 parte
373 1733 407 1771 ex
421 1715 475 1773 clia
488 1716 590 1774 florens
602 1717 739 1774 volitabat
753 1714 881 1782 Iacchus,

229 1787 303 1846 Cum
316 1791 409 1850 thiaso
424 1793 598 1870 Satyrorum,
614 1802 642 1852 et
656 1793 810 1871 Nysigenis
824 1792 934 1860 Silenis,

228 1866 269 1924 Te
283 1889 419 1943 quaerens,
434 1871 568 1938 Ariadna,
583 1880 688 1949 tuoque
701 1872 831 1929 incensus
844 1889 957 1928 amores

229 1945 286 2012 Qui
300 1956 361 2026 tum
376 1949 480 2007 alacres
494 1949 599 2028 passim
612 1950 760 2027 lymphata
773 1959 868 2007 mente
880 1948 1020 2016 furebant,
1070 1961 1107 2020 ‘;
1218 2005 1219 2022 ἶ

228 2023 304 2082 Evoe
318 2027 495 2096 bacchantes,
511 2029 596 2096 Evoe,
611 2030 703 2105 capita
712 2028 897 2086 inflectentes.
1218 2023 1219 2072 l

190 2105 200 2121 ⁵
228 2102 341 2161 Horum
354 2125 421 2181 pars
435 2115 510 2164 tecta
523 2107 686 2183 quatiebant
699 2107 814 2184 cuspide
827 2107 961 2185 thyrsosa
1120 2106 1127 2124 '

228 2181 297 2239 Pars
312 2202 327 2240 e
341 2184 450 2241 divulso
463 2185 614 2262 raptabant
627 2186 753 2244 membra
762 2185 882 2264 juvenco
894 2211 902 2256 3
1117 2188 1175 2244 200

227 2258 297 2317 Pars
311 2281 371 2319 sese
385 2262 467 2320 tortis
481 2265 657 2340 serpentibus
671 2265 853 2342 incingebant
861 2290 869 2334 3

228 2337 296 2395 Para
311 2340 429 2405 obscura
443 2343 517 2400 cavis
531 2343 707 2402 celebrabant
721 2346 799 2421 orgia
812 2345 899 2412 cistis,
977 2347 992 2376 r
1017 2409 1023 2414 ,
1048 2384 1052 2396 ,

226 2416 322 2492 Orgia,
338 2438 399 2495 quae
413 2419 517 2478 frustra
530 2423 648 2500 cupiunt
662 2422 759 2482 audire
773 2423 900 2499 profanis
984 2421 987 2428 ’

226 2494 401 2573 Plangebant
415 2498 462 2556 alii
471 2503 594 2577 proceris
607 2510 744 2580 tympana
756 2502 868 2578 palmis,

224 2573 284 2631 Aut
298 2576 380 2633 tereti
393 2585 491 2636 tenues
499 2579 617 2638 tinnitus
628 2599 683 2639 oere
696 2580 816 2639 ciebant.

224 2653 327 2712 Multis
340 2657 500 2714 raucisonos
513 2659 645 2716 efflabant
658 2679 762 2716 cornua
776 2658 903 2726 bombos,
1046 2726 1053 2736 ³

224 2731 403 2811 Barbaraquc
416 2734 544 2794 horribili
558 2737 696 2796 stridebat
709 2737 779 2795 tibia
792 2745 885 2796 cantu.

277 2943 496 3049 [xpm
641 2941 711 3000 VII.

559 3086 603 3127 AD
624 3087 795 3128 MANLIUM·

222 3197 307 3267 Quod
319 3197 390 3257 mihi
403 3198 524 3266 fortuna,
539 3217 661 3276 casuque
674 3216 825 3274 oppressus
838 3197 939 3256 acerbo

261 3277 459 3355 conscriptum
473 3278 528 3336 hoc
541 3277 663 3335 lacrimis
676 3278 766 3334 mittis
780 3275 949 3353 epistolium,

222 3355 399 3433 Naufragum
410 3365 443 3413 ut
456 3356 576 3434 ejectum
592 3357 789 3433 spumantibus
803 3354 924 3432 aequoris
938 3353 1022 3412 undis

262 3434 419 3503 Sublevem,
435 3443 464 3492 et
477 3455 494 3492 a
507 3435 606 3492 mortis
616 3435 712 3492 limine
723 3435 888 3491 restituamr

221 3512 313 3581 Quem
328 3533 418 3590 neque
431 3521 527 3570 sancta
540 3514 636 3570 Venus
651 3512 727 3569 molli
741 3512 913 3588 requiescere
927 3530 1026 3570 somno

261 3592 412 3650 Desertum
425 3591 541 3649 inlecto
556 3593 654 3649 coelibe
668 3591 843 3667 perpetitur;
