2534 4172
159 182 198 240 88
499 203 527 242 r.
549 193 657 242 orlon
679 201 813 242 nasours

196 333 268 390 Mox
282 333 367 392 etiam
381 333 476 412 fruges
490 334 574 393 tellus
587 335 696 393 inarata
708 335 834 404 ferebat3
892 326 894 332 ¹

198 411 260 469 Nec
273 419 423 470 renovatus
437 431 503 490 ager
515 413 637 490 gravidis
651 415 767 471 canebat
780 414 883 472 aristis.

198 490 328 548 Flumina
337 490 397 567 jam
411 491 501 559 lactis,
513 491 572 568 jam
587 492 704 549 flumina
717 491 838 549 nectaris
851 492 931 550 ibant
939 515 949 562 ς

112 588 114 590 ·
198 568 338 646 Flavaque
351 569 386 628 de
399 569 482 627 viridi
495 570 638 627 stillabant
651 570 714 628 ilice
727 569 821 628 mella.

75 793 204 943 appi,
219 775 261 888 ‘is
277 748 382 922 Μ
535 844 767 905 ΝΑηοιεευε.

199 1019 275 1078 Fons
289 1027 348 1078 erat
361 1019 465 1088 illimis,
481 1020 576 1078 nitidis
590 1029 740 1098 argenteus
753 1021 846 1089 undis,

199 1098 291 1164 Quem
304 1117 395 1175 neque
408 1106 542 1176 pastores,
557 1118 648 1176 neque
662 1107 751 1175 pastae
765 1107 861 1157 monte
874 1099 988 1176 capellae

199 1176 393 1252 Contigerant,
408 1176 518 1234 aliudve
532 1197 636 1254 pecus:
658 1196 741 1255 quem
754 1177 833 1234 nulla
845 1178 974 1246 volucris,

199 1254 262 1312 Nec
274 1255 334 1311 fera
347 1255 483 1322 turbbrat,
498 1275 550 1312 uec
564 1255 659 1332 lapsus
673 1256 708 1312 ab
722 1256 820 1313 arbore
833 1275 939 1313 ramus.

187 1403 188 1406 Ἴ
201 1333 325 1390 Gramen
339 1340 397 1390 erat
411 1333 493 1401 circa,
509 1333 584 1409 quod
598 1333 743 1406 proximus
756 1333 859 1391 humor
873 1333 982 1392 alebat:
1130 1339 1150 1393 5

201 1409 340 1487 Silvaque,
355 1411 415 1468 sole
427 1411 519 1468 lecum
533 1431 651 1488 passura
664 1419 807 1488 tepescere
820 1412 908 1470 nullo.
990 1427 993 1432 ’

201 1489 258 1546 Hic
271 1508 350 1565 puer,
365 1497 394 1546 et
407 1489 501 1546 studio
514 1489 633 1546 venandi
646 1490 738 1546 lassus
752 1497 780 1546 et
794 1500 876 1557 aestu,

201 1566 354 1624 Procubuit
367 1591 374 1634 ;
395 1566 550 1644 faciemque
563 1567 616 1625 loci
629 1567 791 1644 fontemque
806 1575 938 1635 secutus;

201 1645 333 1722 Dumque
347 1645 423 1703 sitim
438 1646 534 1702 sedare
547 1645 634 1722 cupit,
650 1645 712 1702 sitis
726 1646 812 1703 altera
826 1647 930 1703 crevit:

201 1723 333 1799 Dumque
347 1723 426 1792 bibit,
442 1723 510 1781 visae
524 1731 669 1799 correptus
682 1723 803 1799 imagine
812 1723 923 1792 formae,
1116 1729 1153 1792 ro

202 1801 285 1878 Spem
301 1801 360 1859 sine
371 1820 486 1878 corpore
500 1808 593 1860 amat:
615 1821 716 1878 corpus
725 1810 883 1877 putatesse,
896 1801 972 1879 quod
981 1801 1085 1860 umbra
1095 1810 1149 1862 est.
1247 1803 1248 1874 l

201 1879 325 1956 Astupet
338 1879 399 1956 ipse
413 1879 475 1948 sibi,
490 1879 626 1956 vultuque
639 1880 775 1938 immotus
789 1881 886 1937 eodem

202 1958 312 2025 Haeret,
327 1968 360 2014 ut
374 1977 389 2016 e
403 1957 486 2015 Pario
498 1956 652 2018 formatum
665 1976 804 2015 marmore
818 1958 940 2034 signum.

203 2035 316 2111 Spectat
329 2035 410 2092 humi
422 2036 530 2113 positus
542 2035 696 2112 geminum,
711 2055 762 2092 sua
774 2036 889 2104 lumina,
905 2036 991 2106 sidus,
1103 2083 1126 2108 ,.

202 2115 240 2172 Et
255 2114 354 2188 dig-uos
368 2114 479 2172 Baccho
493 2114 593 2190 dignos
606 2122 635 2171 et
648 2112 779 2190 Apolline
793 2115 892 2182 crineS,
1117 2121 1151 2175 15

203 2193 394 2268 Impubesque
408 2211 502 2268 genas,
519 2201 547 2250 et
561 2193 682 2250 eburnea
695 2192 774 2258 oolla,
790 2192 928 2269 decusque

203 2270 278 2337 Oris,
294 2278 322 2327 et
334 2270 364 2326 iu
378 2270 458 2327 niveo
471 2271 592 2327 mixtum
607 2271 725 2328 candore
739 2271 887 2338 ruborem;

204 2348 368 2424 Cunctaque
382 2348 508 2416 miratur,
524 2349 625 2425 quibus
639 2356 682 2406 est
695 2349 832 2404 mirabilis
845 2349 915 2424 ipse.
1247 2385 1248 2416 r

181 2467 183 2474 ι
205 2427 240 2484 Se
254 2427 333 2502 cupit
345 2426 526 2502 imprudens;
548 2427 638 2504 etqui
652 2427 761 2502 probat,
775 2426 822 2483 ille
836 2427 988 2502 probatur;
1247 2425 1248 2494 l

205 2504 337 2578 Dumque
350 2505 430 2580 petit,
446 2505 569 2582 petitur:
592 2505 751 2581 pariterque
765 2505 898 2572 incendit,
913 2513 941 2562 et
956 2503 1046 2562 ardet.
1114 2509 1152 2564 ‘20
1247 2507 1248 2568 l

205 2583 289 2640 Irrita
301 2583 394 2640 fallaci
406 2583 515 2658 quoties
530 2582 608 2640 dedit
621 2583 715 2639 oscula
728 2582 815 2639 fonti!
1247 2581 1248 2594 ¹

206 2661 242 2718 In
255 2660 361 2717 medias
375 2661 492 2736 quoties,
507 2661 598 2718 visum
613 2661 754 2735 captantia
768 2660 870 2718 collum

206 2738 328 2796 Brachia
341 2739 438 2796 mersit
451 2758 554 2815 aquas:
576 2757 627 2796 nec
642 2758 671 2795 se
685 2739 833 2814 deprendit
846 2739 875 2796 in
889 2738 962 2797 illis!
1014 2783 1017 2786 -

207 2817 283 2882 Quid
296 2818 397 2884 videat,
411 2817 518 2884 uescit;
540 2817 598 2884 sed,
614 2817 688 2893 quod
702 2816 785 2883 videt,
800 2817 892 2874 uritur
904 2817 971 2884 illo;
1247 2881 1248 2890 2

206 2895 301 2971 Atque
315 2893 409 2952 oculos
423 2894 507 2963 idem,
522 2896 570 2972 qui
584 2895 696 2972 decipit,
711 2896 810 2952 incitat
823 2914 909 2953 error.
1116 2901 1152 2956 25
1247 2903 1248 2964 ἲ

208 2973 338 3041 Credule,
353 2973 420 3049 quid
434 2974 538 3030 frustra
551 2973 699 3031 simulacra
713 2974 822 3050 fugacia
835 2972 953 3050 captas?

209 3051 293 3120 Quod
307 3051 389 3128 petis,
403 3059 446 3109 est
459 3070 616 3128 nusquam:
637 3052 712 3128 quod
726 3071 811 3120 amas,
827 3060 959 3119 avertere,
974 3051 1092 3127 perdes:

209 3130 270 3186 Ista
282 3148 463 3206 repercussae,
479 3149 562 3206 quam
576 3131 674 3197 cernis,
689 3130 818 3206 imaginis
831 3129 931 3187 umbra
944 3138 1006 3188 est:

209 3208 259 3265 Nil
273 3208 359 3265 habet
371 3209 427 3266 ista
440 3209 501 3276 sui;
522 3215 672 3284 tecumque
685 3209 816 3285 venitque
829 3217 988 3285 manetque.

209 3286 316 3343 Tecum
330 3286 463 3354 discedat,
479 3287 503 3344 si
517 3295 548 3342 tu
562 3286 703 3344 discedere
718 3287 817 3363 possis.
900 3303 904 3312 ·
1119 3291 1158 3348 30

210 3363 276 3420 Nou
290 3365 369 3420 illum
384 3365 501 3432 Cereris,
516 3383 573 3422 nou
585 3364 664 3421 illum
679 3384 745 3421 cura
759 3365 860 3440 quietis

210 3443 383 3499 Abstrahere
396 3443 462 3500 inde
475 3451 586 3519 potest3
608 3443 656 3500 sed
671 3463 758 3518 opaca
771 3443 850 3499 fusus
863 3441 894 3499 in
907 3441 995 3500 herba

213 3519 327 3594 Spectat
340 3520 482 3596 inexpleto
495 3520 658 3577 mendaeem
672 3520 777 3577 lumine
791 3520 909 3577 formam
923 3544 930 3588 ;

213 3596 321 3672 Perque
334 3596 431 3654 oculos
444 3597 517 3673 perit
530 3598 590 3673 ipse
604 3617 668 3654 suos
680 3621 688 3664 ς
709 3598 881 3675 paulumque
893 3598 1012 3668 levatus,

1244 2809 1248 2856 l
