2534 4172
506 192 664 232 CARMINA·

130 329 177 387 En
190 338 253 406 eget
266 327 372 386 auxilio
386 325 434 405 qui
447 346 504 384 non
516 326 600 384 tulit:
622 338 709 403 utque
723 325 844 404 reliquit,

103 402 105 407 ¹
131 408 179 466 Sic
191 407 360 484 linquendus
372 415 451 464 erat:
472 405 563 482 legem
577 405 630 463 sibi
643 405 751 463 dixerat
764 405 835 482 ipse.

131 486 298 544 Conclamat
312 484 419 542 socios:
441 483 540 541 adsum
553 482 688 559 videoque
702 491 867 540 trementem

132 564 344 639 Pallentemque
357 571 444 631 metu,
459 581 491 618 ac
504 561 691 637 trepidantem
706 569 795 618 morte
807 561 913 618 sutura.

131 641 263 719 Opposui
276 641 380 699 molem
394 640 502 717 clypei:
525 639 636 716 texique
645 638 804 715 jacentem:

132 719 301 797 Servavique
314 719 445 786 animam,
460 717 607 775 minimum
621 727 664 775 est
678 718 732 775 hoe
744 716 846 785 laudis,
860 717 988 776 inertem.

133 797 166 856 si
178 807 287 874 perstas
300 807 414 864 certare,
429 797 522 854 locum
535 795 682 853 redeamus
695 795 725 852 in
738 795 836 863 illum;

133 875 233 933 Redde
246 875 368 943 hostem,
383 874 538 950 vulnusque
552 885 643 939 tuum,
658 872 828 1008 solitumque
841 873 991 932 timorem:

134 953 206 1011 Post
219 953 404 1030 clypeumque
417 953 491 1010 late:
513 960 541 1010 et
556 970 664 1008 mecum
679 960 779 1008 conten
800 970 815 1010 e
828 953 880 1011 sub
893 953 951 1010 illo.

133 1033 176 1088 At
188 1042 253 1108 post
274 1051 338 1088 uam
352 1030 451 1106 eripui,
466 1029 511 1088 oui
525 1029 619 1087 standi
631 1029 746 1088 uulnera
758 1030 831 1088 vires

133 1109 203 1167 Non
217 1052 360 1176 dederant,
375 1108 452 1166 nullo
466 1108 595 1166 tardatus
607 1107 721 1165 vulnere
734 1108 818 1184 fugit.

133 1187 245 1249 Hector
258 1187 355 1245 adest:
377 1205 527 1263 secumque
541 1186 608 1243 deos
621 1186 650 1243 in
663 1184 762 1261 praelia
774 1186 869 1245 ducite

133 1265 255 1348 Quaque
269 1265 333 1334 ruit,
348 1285 405 1322 non
418 1274 451 1322 tu
463 1273 575 1322 tantum
588 1264 708 1332 terreris,
725 1264 825 1324 Ulixe:

134 1343 193 1401 Sed
206 1345 293 1400 fortes
307 1343 401 1409 etiam,
415 1350 526 1401 tantum
541 1341 628 1399 trahit
641 1341 688 1399 ille
702 1343 827 1400 timorisl

135 1423 225 1479 Hunc
238 1440 290 1498 ego
303 1422 467 1498 sanguineus
478 1439 607 1478 successu
621 1420 707 1478 caedis
721 1429 849 1479 ovantem

135 1498 274 1558 Cominus
288 1499 395 1576 ingenti
408 1499 572 1575 resupinum
585 1498 710 1575 pondere
723 1497 794 1556 iudi.

110 1614 115 1619 -
136 1579 225 1635 Hunc
239 1597 291 1654 ego
305 1585 475 1654 poscentem,
490 1597 555 1635 cum
568 1596 624 1654 quo
637 1584 823 1645 concurreret,
839 1595 913 1634 unus

136 1655 266 1713 Sustinui
277 1680 286 1723 3
306 1664 466 1734 sortemque
479 1674 570 1713 meam
584 1655 698 1712 vovistis
711 1654 830 1724 Achivi3

136 1733 177 1792 Et
190 1742 292 1792 vestrae
305 1733 416 1791 valuere
429 1753 544 1810 preces:
566 1733 591 1790 si
604 1734 728 1809 quaeritis
740 1732 826 1810 hujus

136 1813 292 1870 Fortunam
306 1830 428 1889 pugnae3
449 1831 507 1870 non
520 1831 581 1868 sum
596 1820 743 1888 superatus
756 1812 792 1869 ab
805 1811 863 1870 illo.

138 1890 214 1948 Ecce
227 1888 321 1947 serunt
334 1889 421 1948 Troes
433 1889 604 1966 ferrumque,
618 1888 776 1966 ignemque,
792 1891 811 1949 J
812 1908 947 1966 ovemque

139 1969 175 2026 In
188 1967 301 2026 Danaas
315 1967 435 2036 classes;
457 1966 506 2025 ubi
519 1987 595 2026 nunc
608 1966 744 2026 facundus
759 1968 879 2026 Ulixes?

140 2046 251 2122 Nempe
265 2065 316 2123 ego
331 2046 406 2104 mille
420 2065 482 2103 meo
495 2045 607 2122 protexi
619 2055 731 2122 pectore
744 2065 863 2124 puppes,

140 2125 225 2200 Spem
240 2124 325 2182 vestri
338 2124 463 2192 reditus;
485 2123 549 2180 date
563 2131 606 2180 tot
618 2143 670 2201 pro
684 2124 800 2182 naribus
814 2144 900 2183 arma.

140 2202 224 2269 Quod
237 2203 261 2260 si
275 2221 339 2259 vera
351 2201 416 2258 lieet
429 2201 499 2258 mihi
513 2201 612 2269 dicere,
627 2203 761 2278 quaeritur
774 2202 844 2270 istis,
1043 2204 1079 2259 95

140 2282 233 2348 Quam
248 2280 326 2348 mihi,
341 2279 429 2356 major
442 2279 549 2337 honos:
571 2279 775 2357 conjunctaque
788 2280 877 2357 gloria
889 2290 985 2336 nostra
999 2286 1060 2347 eat;

102 2371 103 2376 ’
140 2359 235 2435 Atque
248 2357 322 2434 Ajax
334 2358 427 2425 armis,
441 2376 496 2414 non
510 2357 591 2434 Ajaci
604 2377 681 2416 arma
694 2367 838 2434 petuntur.

141 2437 276 2494 Conferat
289 2435 334 2494 his
348 2435 465 2493 Ithacus
480 2435 616 2504 Rhesum,
631 2435 826 2512 imbellemque
841 2434 959 2501 Dolona,

141 2514 367 2591 Priamidemque
381 2512 522 2570 Helenum
536 2512 618 2590 rapta
631 2532 695 2571 cum
710 2513 823 2571 Pallade
837 2521 961 2589 captum.

141 2594 218 2650 Luce
231 2591 303 2650 nihil
314 2600 435 2669 gestum,
451 2591 521 2649 nihil
535 2601 578 2648 est
592 2591 728 2649 Diomede
742 2600 858 2648 remoto.
1028 2593 1082 2648 100

140 2671 172 2730 si
185 2670 271 2728 semel
283 2671 337 2728 ista
351 2669 423 2726 datis
437 2669 542 2728 meritis
556 2678 613 2727 tam
627 2669 726 2727 vilibus
739 2689 824 2736 arma,

142 2747 276 2816 Dividite,
291 2756 320 2805 et
333 2767 398 2824 pars
412 2748 448 2805 sit
462 2747 550 2824 major
563 2747 708 2806 Diomedis
721 2747 828 2805 inillis.

142 2827 206 2895 Quo
221 2837 315 2882 tamen
328 2827 390 2884 haec
404 2826 513 2892 Ithaco,
528 2825 577 2902 qui
589 2825 670 2894 clam,
684 2827 733 2903 qui
746 2846 857 2904 semper
871 2826 984 2886 inermis

142 2905 215 2962 Rem
228 2905 310 2981 gerit,
325 2913 353 2962 et
365 2903 450 2961 furtis
462 2904 606 2960 incautum
620 2903 724 2981 decipit
736 2905 848 2962 hostem
860 2905 871 2962 l

141 2983 210 3060 Ipse
223 2983 298 3039 nitor
311 2981 407 3058 galeae,
422 2982 496 3040 claro
510 2981 643 3039 radiantis
657 2983 693 3039 ab
706 3001 782 3052 auro,
887 2999 890 3008 ·
1031 2983 1084 3038 105

143 3059 264 3126 Insidias
278 3060 387 3136 prodet,
402 3059 645 3136 manifestabitque
658 3062 802 3118 latentem.

144 3138 201 3196 Sed
214 3157 304 3216 neque
318 3137 464 3195 Dulichius
479 3139 530 3194 sub
544 3138 665 3196 Achillis
677 3138 783 3196 casside
796 3146 892 3195 vertex

144 3216 273 3275 Pondere
286 3223 365 3272 tanta
376 3216 463 3273 feret:
485 3235 537 3273 nec
550 3233 607 3274 non
620 3235 736 3274 onerosa
749 3216 896 3292 gravisque

145 3292 237 3352 Pelias
251 3312 311 3352 esse
325 3301 420 3370 potest
432 3291 592 3352 imbellibus
604 3294 687 3352 hasta
699 3293 820 3351 lacertis.

144 3372 207 3430 Nec
220 3372 336 3449 clypeus
348 3371 421 3430 vasti
434 3372 550 3430 caelatus
563 3372 684 3448 imagine
697 3369 805 3434 mundi,
1034 3373 1089 3428 110

146 3451 322 3509 Conuenient
335 3449 442 3508 timidae
455 3458 586 3525 nataeque
599 3451 635 3507 ad
648 3450 725 3507 furta
738 3447 871 3506 sinistrae.

146 3527 368 3586 Debilitaturum
381 3527 449 3605 quid
463 3536 490 3585 te
504 3529 586 3604 petis,
601 3527 736 3605 improbe,
752 3523 876 3585 munusl

147 3606 233 3675 Quod
246 3606 299 3664 tibi
313 3605 336 3663 si
348 3605 446 3683 populi
459 3605 603 3664 donaverit
616 3624 694 3664 error
706 3604 818 3673 Achivi,

960 3702 979 3743 r
