2534 4172
170 195 225 251 100
505 207 534 246 r.
556 204 665 246 ovrnrr
686 203 822 245 ussurus

205 344 372 418 Accusoque
387 339 472 400 Parin
486 340 668 418 praedamque
683 337 878 414 Helenamque
891 355 1022 414 reposcos
1101 341 1166 397 200

205 423 244 480 Et
257 439 356 478 moveo
370 420 524 487 Priamum,
541 418 708 495 Priamoque
721 416 867 473 Antenora
879 415 1024 493 junctum.

206 502 247 559 At
261 499 350 567 Paris,
365 507 394 557 et
406 498 515 566 fratres,
530 505 560 554 et
574 496 622 573 qui
635 513 752 572 rapuere
766 495 819 552 sub
833 493 891 560 illo,

205 579 262 636 Vix
276 586 390 637 tenuere
404 595 513 643 manus,
529 576 583 633 scis
596 575 659 641 hoc,
675 573 813 640 Menelai,
829 571 986 642 nefandas;

207 658 357 735 Primaque
369 656 419 713 lux
431 655 521 713 nostri
534 663 628 712 tecum
642 652 697 709 luit
710 651 759 708 illa
773 650 879 728 pericli.

206 737 306 814 Longa
319 734 421 793 referre
435 752 515 790 mora
527 739 580 799 est,
595 749 658 808 quae
672 729 843 807 consilioque
856 747 997 807 manuque
1096 735 1163 790 205

114 843 117 853 ·
149 815 151 820 ’
207 815 323 873 Utiliter
336 813 390 871 leci
404 811 520 890 spatiosi
533 818 660 886 tempore
674 808 749 866 belli.

143 918 145 926 ’
207 894 277 951 Post
291 892 364 950 acies
376 891 491 968 primas,
505 889 584 946 urbis
598 907 627 945 se
641 887 782 945 moenibus
795 886 892 944 hostes

209 971 380 1029 Conticuere
394 969 443 1026 diu
455 989 463 1025 r
484 987 536 1026 nec
550 966 640 1044 aperti
654 965 734 1043 copia
748 964 852 1022 Martis

208 1049 276 1108 Ulla
289 1048 362 1106 luit:
384 1047 492 1105 decimo
506 1047 621 1103 demum
634 1043 822 1122 pugnavimus
836 1062 919 1100 anno.

209 1127 286 1194 Quid
299 1126 368 1184 lacis
380 1125 495 1192 interea,
510 1125 559 1200 qui
571 1123 621 1191 nll,
636 1122 690 1179 nisi
703 1121 808 1198 praelia,
823 1119 918 1178 nosti?
979 1138 983 1150 ·
1098 1126 1161 1182 210

210 1205 281 1273 Quis
293 1213 362 1262 tuus
374 1222 444 1260 usus
457 1201 534 1260 eratl
554 1202 658 1259 namsi
671 1219 734 1263 mea
746 1199 822 1257 facta
834 1199 961 1276 requiris,

210 1282 350 1342 Hostibus
362 1281 499 1340 insidior:
520 1280 610 1338 fossas
624 1278 779 1336 munimine
792 1278 873 1355 cingo
885 1299 893 1334 r

211 1361 348 1420 Consolor
361 1360 461 1427 socios,
475 1368 508 1416 ut
522 1359 599 1435 longi
612 1357 697 1414 taedia
710 1355 776 1414 belli

210 1441 310 1499 Mente
323 1439 415 1496 lerant
428 1436 555 1516 placida:
578 1437 674 1504 doceo,
688 1454 745 1512 quo
759 1433 846 1492 simus
859 1434 960 1502 alendi,

210 1517 403 1595 Armandique
417 1516 520 1574 modo:
542 1516 650 1582 mittor,
665 1533 721 1591 quo
733 1513 859 1590 postulat
873 1533 951 1571 usus.
1099 1518 1159 1574 215

211 1599 284 1655 Ecce
298 1596 377 1655 «loris
390 1595 509 1662 monitu,
525 1593 659 1670 deceptus
672 1591 794 1669 imagine
808 1591 909 1659 somni,

213 1676 274 1732 Rex
285 1675 367 1752 jubet
380 1673 485 1749 incepti
498 1691 594 1730 curam
608 1671 750 1728 dimittere
763 1669 848 1727 helii:

212 1755 265 1812 Ille
278 1759 372 1831 potest
386 1762 499 1809 auctore
513 1769 593 1807 suanr
608 1749 756 1807 defendere
770 1767 894 1806 causam.
997 1747 999 1751 ’

212 1833 280 1889 Nou
295 1833 367 1889 sinat
381 1830 435 1887 hoc
450 1828 531 1907 Ajax,
548 1827 720 1904 delendaque
735 1826 872 1903 Pergama
884 1837 1000 1904 pescate

213 1909 352 1986 Quodque
364 1916 469 1986 potest,
483 1927 523 1984 pu
543 1916 609 1975 uet;
631 1925 681 1964 cur
694 1924 751 1962 non
764 1913 920 1963 remoratur
933 1904 1043 1964 ituros?
1102 1910 1162 1965 220

213 1988 274 2047 Gur
286 2007 342 2045 non
356 2006 434 2044 arma
447 1927 543 2062 capiti
564 1985 621 2053 dat,
637 1983 712 2061 quod
725 2003 797 2060 vaga
810 1983 893 2041 turba
906 1982 1061 2062 sequatur?

214 2067 280 2124 Non
294 2073 353 2124 erat
367 2065 421 2122 hoc
434 2065 552 2121 nimium
568 2082 706 2176 nusquam
721 2062 776 2118 nisi
790 2081 891 2138 magna
904 2063 1040 2140 loquenti.

215 2141 312 2214 Quid?
333 2144 408 2221 quod
423 2152 451 2200 et
464 2143 525 2219 ipsc
538 2142 632 2218 fugis.
655 2140 722 2208 vidi,
737 2140 894 2217 puduitque
907 2141 1011 2210 videre,

215 2224 310 2292 Quum
325 2230 358 2279 tu
372 2232 450 2298 terga
463 2222 553 2288 dares,
568 2221 772 2296 inhonestaque
785 2217 847 2276 vela
859 2238 980 2296 parares.

215 2303 277 2360 Nec
291 2320 387 2358 mora:
411 2299 505 2367 ‘Quid
517 2296 631 2356 facitis?
652 2317 715 2375 quae
728 2316 778 2355 ros
791 2297 951 2366 dementia:
967 2297 1033 2367 dixi,
1104 2301 1162 2358 225

217 2380 374 2447 ‘Concitet
389 2398 406 2436 o
420 2379 495 2446 socii,
511 2386 622 2455 captam
635 2377 777 2434 dimittere
789 2374 924 2453 Trojaml

216 2458 327 2527 Quidve
341 2458 454 2515 demum
468 2457 547 2514 sertis
562 2456 679 2522 decimo,
694 2454 749 2511 nisi
762 2454 892 2523 dedecus,
906 2469 980 2513 anno
989 2453 1011 2513 l’

216 2537 332 2595 Talibus
345 2545 428 2613 atque
442 2535 513 2604 aliis,
527 2535 557 2592 in
571 2555 635 2612 quae
649 2533 728 2591 dolor
740 2533 803 2610 ipse
815 2532 951 2591 disertum

218 2616 342 2683 Fecerat,
357 2633 469 2672 aversos
482 2613 602 2691 profuga
615 2613 650 2670 de
663 2612 750 2669 classe
763 2610 872 2668 reduxi.
1262 2675 1263 2682 ἵ

218 2693 363 2752 Convocat
376 2692 492 2749 Atrides
505 2693 596 2750 socios
610 2700 715 2748 terrore
729 2699 883 2766 paventesr
1107 2695 1167 2750 230
1262 2695 1263 2704 ’

219 2772 280 2830 Nee
292 2769 504 2828 Telamoniades
517 2771 602 2828 etiam
615 2789 691 2827 nunc
704 2769 813 2826 hiscere
826 2767 978 2846 quidquam

152 2903 157 2915 ,
219 2851 321 2916 Ausit;
343 2858 372 2906 at
386 2867 471 2907 ausus
486 2855 545 2906 crat
558 2867 638 2924 reges
651 2849 789 2905 incessere
803 2847 885 2904 dictis

153 2957 156 2964 ·
219 2928 374 2997 Thersites,
390 2928 473 2984 etiam
487 2947 537 3003 per
551 2947 597 2984 me
610 2925 687 2982 haud
699 2926 824 3002 impune,
838 2926 987 3002 protervis.

221 3007 331 3084 Erigor,
346 3017 375 3064 et
384 3006 514 3083 trepidos
528 3006 600 3064 cives
615 3005 749 3062 exhortor
761 3004 792 3061 in
805 3003 929 3070 hostem,

220 3085 495 3162 Amissamquemea
508 3085 641 3141 virtutem
655 3101 721 3140 voce
734 3101 860 3160 reposco.
1112 3085 1171 3141 235
1262 3073 1263 3144 J

221 3165 360 3242 Tempore
374 3164 409 3220 ab
423 3164 486 3230 hoc,
502 3163 687 3240 quodcunque
701 3169 795 3238 potest
807 3161 908 3219 fecisse
921 3160 1009 3219 videri
1262 3157 1263 3162 '

222 3243 345 3301 Fortiter
357 3242 420 3310 iste,
435 3259 530 3298 meum
544 3250 587 3298 est
601 3239 649 3316 qui
663 3240 777 3297 dantem
791 3247 870 3317 terga
883 3240 997 3298 retraxi.

222 3322 350 3397 Denique
364 3320 398 3378 de
412 3319 517 3377 Danais
531 3319 594 3395 quis
607 3328 636 3375 te
648 3318 787 3386 laudatve,
799 3316 926 3396 petitrel

223 3400 264 3458 At
275 3420 326 3457 sua
338 3399 463 3477 Tydides
477 3417 587 3456 mecum
602 3397 791 3456 communicat
804 3405 884 3466 aeta;

224 3478 275 3536 Me
288 3478 399 3554 probat,
414 3486 442 3534 et
456 3477 532 3534 socio
546 3495 656 3553 semper
669 3475 786 3533 confidit
799 3475 893 3534 Ulixe.
1117 3481 1177 3536 240

224 3557 277 3613 Est
291 3555 404 3630 aliquid,
420 3555 455 3611 de
469 3562 512 3610 tot
526 3554 675 3610 Graiorum
689 3553 814 3610 millibus
828 3573 916 3612 unum

226 3633 253 3690 Α
267 3631 403 3690 Diomede
416 3631 489 3707 legi:
511 3649 564 3686 nec
575 3650 621 3688 me
635 3649 694 3688 sors
707 3631 747 3688 ire
757 3631 876 3708 jubebat
888 3654 895 3688 ε
