2486 4172
204 192 242 248 52
470 207 564 248 ssxur
584 208 721 248 nonum
742 209 916 250 vuornnrrr

245 338 330 408 Quod
343 338 368 398 si
379 339 452 398 ibrte
465 347 530 399 tuos
543 342 658 399 vidisset
672 339 796 400 Glaucus
808 341 919 410 ocellos,

283 418 368 476 Esses
383 419 456 476 Ionii
467 419 543 476 facta
555 420 649 496 puella
660 420 755 486 maris,

244 495 283 554 Et
295 497 348 553 tibi
361 497 397 554 ob
410 498 544 555 invidiam
557 497 692 556 Nereides
705 497 911 574 increpitarent,
1154 501 1183 557 15

285 575 412 633 Candida
425 576 534 644 Nesaeli,
550 577 651 633 caerula
664 577 834 653 Cymothoe.

245 651 301 710 Sed
314 653 367 711 tibi
381 653 507 711 subsidio
521 654 686 730 delphinum
701 673 811 712 currere
824 654 890 721 ridi,

285 731 350 800 Qui,
366 740 445 808 puto,
460 732 604 790 Arioniam
617 740 731 790 vexerat
743 741 807 790 ante
820 733 920 809 lyram.

245 808 366 887 Jamque
379 828 432 886 ego
445 810 564 868 conabar
577 829 688 867 summo
702 829 747 868 me
760 811 871 868 mittere
884 829 960 879 saxo,

172 889 380 966 „Quum
393 888 465 945 mihi
478 888 609 947 discussit
621 889 687 946 talia
700 889 758 945 visa
770 897 872 946 metus.
1150 891 1184 946 20

161 1005 195 1029 t
245 966 331 1023 Nunc
344 965 525 1035 admirentur,
541 967 617 1042 quod
630 975 688 1023 tam
702 966 773 1022 mihi
785 967 904 1042 pulchra
917 965 1010 1043 puella

286 1043 402 1110 Serviat,
417 1052 446 1101 ct
458 1052 519 1102 tota
531 1045 609 1104 dicar
620 1045 648 1102 in
660 1044 729 1102 urbe
742 1053 852 1120 potens.

246 1121 322 1189 Non,
338 1122 362 1179 si
376 1122 524 1199 Cambysae
537 1123 661 1191 redeant,
676 1132 705 1181 et
717 1123 835 1181 fiumina
848 1121 946 1191 Croesi,

285 1200 385 1257 Dicat:
407 1202 449 1257 De
463 1208 558 1258 nostro
572 1219 665 1278 surge,
680 1207 772 1276 poeta,
788 1209 860 1259 toro.

246 1277 321 1334 Nam
336 1297 398 1335 mea
411 1297 498 1354 quum
511 1279 618 1346 recitat,
633 1279 701 1336 dicit
711 1297 741 1336 se
754 1279 846 1336 odisse
860 1280 955 1336 beatos
967 1302 975 1346 3
1150 1280 1184 1334 25

286 1355 418 1413 Carmina
430 1365 489 1414 tam
503 1366 599 1414 sancte
611 1357 689 1414 nulla
701 1357 795 1432 puella
808 1357 884 1414 colit.

246 1434 373 1491 Multum
388 1435 417 1491 in
430 1454 524 1492 amore
537 1436 616 1502 fides,
631 1435 753 1492 multum
767 1434 924 1492 constantia
937 1434 1068 1510 prodest:

286 1511 342 1578 Qui
355 1513 422 1570 dare
435 1512 525 1570 multa
537 1521 640 1589 potest,
655 1512 745 1571 multa
758 1520 787 1569 et
800 1532 892 1570 amare
905 1521 1009 1588 potest.
1115 1539 1119 1546 ·

247 1589 302 1648 Seu
316 1610 391 1648 mare
406 1610 457 1666 per
469 1591 586 1665 longum
600 1610 662 1652 mea
675 1592 779 1666 cogitet
792 1590 832 1648 ire
846 1591 946 1667 puella,

286 1669 369 1727 Hanc
383 1687 492 1746 sequar,
508 1677 536 1726 et
549 1669 622 1726 fidos
635 1689 691 1726 una
704 1678 769 1744 aget
783 1688 851 1726 aura
864 1669 946 1726 duos.

247 1747 344 1804 Unum
360 1746 428 1804 litus
440 1747 493 1804 erit
507 1747 615 1823 sopitis,
631 1767 741 1824 unaque
755 1755 829 1804 teoto

285 1825 387 1892 Arbor,
400 1834 428 1882 et
442 1844 475 1882 ex
488 1844 546 1881 una
560 1844 635 1900 saepe
648 1824 776 1882 bibemus
790 1844 874 1901 aqua;

247 1902 285 1959 Et
299 1903 395 1960 tabula
408 1913 464 1959 una
477 1903 547 1960 duos
561 1903 664 1980 poterit
678 1922 843 1978 componere
857 1908 990 1970 amantes,

287 1981 374 2038 Proro
387 1981 476 2038 cubile
489 1981 568 2049 mihi,
585 2001 634 2038 seu
648 1981 718 2038 mihi
731 1981 836 2057 puppis
850 1981 913 2038 erit.

247 2057 351 2116 Omnia
363 2060 522 2134 perpetiar:
544 2078 636 2118 saevus
649 2058 715 2115 licet
727 2067 827 2134 urgeat
839 2059 941 2125 Eurus,

286 2135 410 2214 l'elaque
424 2136 453 2192 in
466 2137 603 2194 incertum
618 2137 737 2212 frigidus
751 2137 857 2197 Auster
870 2143 944 2212 agat.

248 2213 434 2291 Quotcunque
449 2222 477 2272 et
490 2216 567 2272 venti
581 2215 713 2272 miserum
726 2215 847 2272 vexastis
862 2215 972 2282 Ulixen,

286 2292 325 2348 Et
337 2294 467 2350 Danadm
481 2293 606 2351 Euboico
620 2293 700 2354 litore
714 2293 789 2351 mille
803 2301 890 2360 rates,

246 2368 285 2426 Et
298 2371 346 2446 qui
359 2371 486 2428 movistis
500 2372 556 2430 duo
570 2371 659 2438 litora,
675 2389 761 2447 quum
775 2370 853 2427 rudis
866 2371 961 2447 Argus

287 2448 353 2506 Dux
368 2457 427 2506 erat
440 2449 537 2526 ignoto
550 2449 636 2506 missa
650 2448 778 2505 columba
791 2447 872 2504 mari.

247 2528 301 2587 Illa
314 2527 383 2585 meis
397 2535 507 2584 tantum
521 2546 577 2584 non
592 2545 726 2602 umquam
740 2526 814 2583 desit
828 2525 931 2592 ocellis,

286 2605 422 2662 Incendat
435 2624 533 2661 navem
548 2604 661 2680 Jupiter
674 2604 733 2680 ipse
746 2605 821 2661 licet.

248 2684 333 2742 Certe
346 2683 445 2740 iisdem
459 2683 529 2740 nudi
542 2683 647 2758 pariter
656 2681 826 2758 jactabimur
840 2681 914 2739 oris:

287 2760 337 2817 Me
351 2760 417 2817 licet
430 2759 506 2816 unda
520 2760 601 2828 ferat,
617 2768 645 2817 te
659 2761 744 2816 modo
759 2767 833 2818 terra
846 2766 935 2836 tegat.

249 2838 305 2897 Sed
318 2857 375 2894 non
389 2839 541 2914 Neptunus
553 2847 632 2895 tanto
646 2837 765 2896 crudelis
780 2837 877 2906 amori,

288 2916 440 2992 Neptunus
454 2915 535 2973 fratri
548 2935 599 2992 par
611 2915 641 2972 in
655 2934 749 2973 amore
763 2915 782 2973 J
784 2916 839 2972 ovi.

248 2994 342 3052 Testis
356 2995 524 3070 Amymone,
540 2994 636 3053 latices
650 3013 737 3070 quum
752 2994 836 3051 ferret
849 2993 879 3050 in
893 2991 987 3068 Argis,

289 3073 464 3147 Compressa,
480 3081 508 3128 ct
521 3073 623 3134 Lernae
636 3071 719 3146 pulsa
733 3071 852 3128 tridente
865 3070 957 3147 palus.

250 3149 315 3207 Jam
329 3149 399 3207 deus
413 3149 544 3226 amplexu
557 3157 655 3206 votum
669 3149 803 3224 persolvit
815 3170 822 3206 r
844 3147 927 3205 atilli

288 3229 383 3284 Aurea
396 3227 504 3285 divinas
518 3247 588 3287 urna
602 3224 729 3303 profudit
742 3246 838 3303 aquas.

250 3305 400 3363 Crudelem
415 3313 445 3364 et
458 3306 578 3363 Boream
591 3310 673 3382 rapta
686 3303 818 3381 Orithyia
830 3301 963 3379 negabit:

288 3383 346 3440 Hic
360 3382 427 3440 deus
441 3391 469 3440 et
482 3391 569 3440 terras
584 3390 612 3440 et
625 3383 713 3440 maria
726 3383 783 3438 alta
796 3381 900 3438 domat.

250 3459 340 3519 Crede
353 3461 432 3528 mihi,
448 3461 528 3517 nobis
543 3461 670 3518 mitescet
684 3459 784 3535 Scylla,
800 3478 850 3516 nec
865 3477 989 3534 uuquam
1085 3504 1090 3512 .

287 3537 419 3596 Altemas
432 3547 557 3596 revomet
571 3547 651 3596 vasta
664 3537 823 3613 Charybdis
836 3556 931 3614 aquas.

59 1021 154 1100 l
