2534 4172
516 191 544 228 P.
563 190 672 230 ovum
693 190 831 230 NASONIS

222 325 281 384 Cur
294 324 432 402 spolieris,
447 323 508 387 erit.
523 343 581 380 non
594 343 644 380 cur
660 323 792 380 metuaris
805 323 840 382 ab
855 323 935 382 hoste
947 349 956 384 r

222 405 260 461 Et
273 403 349 480 fuga,
364 422 419 480 qua
432 401 491 460 sole
504 411 619 458 cunctos
634 401 819 470 timidissime,
834 403 929 472 vincis,
1116 413 1173 468 115

221 482 315 540 Tarda
327 482 424 539 futura
436 479 489 536 tibi
502 487 555 548 est,
571 480 727 554 gestamina
739 489 819 538 tanta
832 482 966 540 trahenti.

222 560 313 629 Adde,
328 559 404 638 quod
416 559 469 616 iste
482 567 558 626 tuus,
573 567 630 616 tam
645 577 707 615 raro
721 559 818 634 praelia
831 579 941 636 passus,

222 640 337 716 Integer
350 645 393 695 est
406 638 540 714 clypeus:
561 643 667 703 nostro,
682 637 731 713 qui
743 637 799 694 tela
812 637 926 696 ferendo

223 717 304 776 Mille
317 724 396 794 patet
409 715 510 792 plagis,
525 733 616 772 novus
627 722 671 772 est
685 733 827 772 successor
840 715 997 774 habendus.

162 785 168 805 ’
223 797 359 873 Denique,
374 795 443 872 quid
455 793 546 851 verbis
560 812 632 868 opus
645 792 710 850 estl
732 802 890 870 spectemur
903 798 1027 872 agendo:
1115 803 1171 858 120

224 875 313 932 Arma
326 873 379 930 viri
391 872 472 930 fortis
486 871 594 928 medios
607 870 758 928 mittentur
771 871 801 928 in
814 872 910 930 hostes
922 897 930 942 ς

223 952 294 1011 Inde
304 952 402 1030 jubete
415 950 483 1026 peti,
498 958 525 1006 et
539 949 705 1006 referentem
719 959 815 1008 ornate
828 951 934 1009 relatis.

264 1031 387 1088 Finierat
401 1029 552 1086 Telamone
566 1037 653 1094 satus,
667 1027 798 1105 vulgique
812 1039 939 1086 secutum

224 1109 333 1168 Ultima
346 1126 474 1164 murmur
486 1114 563 1163 erat:
585 1105 673 1162 donec
687 1105 816 1163 Laertius
828 1106 912 1164 heros

223 1187 353 1254 Adstitit,
366 1194 450 1262 atque
463 1183 561 1242 oculos
571 1183 698 1259 paullum
711 1183 810 1242 tellure
822 1194 945 1243 moratos
1113 1193 1168 1247 125

224 1264 346 1322 Sustulit
359 1262 394 1320 ad
407 1281 545 1338 proceres,
559 1270 774 1338 exspectatoque
787 1262 899 1320 resolvit

224 1343 283 1402 Ora
296 1361 363 1400 sono
376 1365 383 1399 1
405 1359 494 1417 neque
507 1341 587 1396 abest
598 1339 727 1397 facundis
740 1341 830 1417 gratia
842 1341 924 1398 dictis
935 1363 943 1398 1

225 1421 255 1479 si
267 1440 330 1478 mea
343 1418 406 1478 cu'm
419 1418 520 1476 vestris
532 1418 684 1476 valuissent
696 1427 770 1486 vota,
785 1419 903 1496 Pelasgi,

224 1499 292 1558 Non
304 1499 376 1556 foret
389 1497 538 1574 ambiguus
551 1497 623 1554 tanti
636 1497 796 1554 certaminis
809 1498 900 1555 haeres
912 1521 919 1563 ;

224 1578 322 1655 Tuque
336 1577 393 1634 tuis
407 1577 502 1643 armis,
517 1593 569 1632 nos
583 1584 611 1630 te
625 1583 793 1650 poteremur,
809 1575 938 1633 Achille!
1114 1583 1170 1637 130

225 1655 316 1723 Quem
330 1655 461 1733 quoniam
475 1671 532 1710 non
545 1672 625 1729 aequa
637 1653 708 1710 mihi
720 1654 852 1731 vobisque
865 1656 1003 1730 negtrunt

225 1735 295 1792 Fata
310 1735 462 1811 (manuque
477 1730 561 1789 simul
573 1730 660 1788 veluti
673 1730 856 1808 lacrymantia
867 1733 947 1789 tersit

224 1812 346 1870 Lumina
354 1815 377 1885 ;)
399 1811 462 1888 quis
476 1829 578 1886 magno
591 1809 691 1866 melius
704 1810 835 1868 succedat
847 1810 961 1878 Achilli,

224 1890 317 1958 Quam
330 1909 381 1966 per
395 1907 478 1966 quem
491 1907 610 1964 magnus
623 1888 729 1946 Danais
742 1889 876 1946 successit
889 1887 1036 1946 Achilles?

225 1969 302 2026 Huic
315 1969 399 2025 modo
412 1987 448 2024 ne
461 1966 559 2044 prosit,
575 1966 652 2042 quid,
667 1973 699 2022 ut
713 1975 765 2034 est,
780 1967 867 2024 hebes
881 1985 941 2024 esse
955 1966 1086 2036 videtur;
1113 1973 1168 2026 135

225 2047 305 2104 Neve
319 2045 389 2102 mihi
402 2052 510 2112 nocent,
524 2043 600 2121 quod
612 2044 691 2102 vobis
704 2063 821 2122 semper,
837 2044 947 2112 Achivi,

225 2124 335 2182 Profuit
348 2124 508 2200 ingeninm3
529 2141 630 2199 meque
642 2122 705 2180 haec
718 2122 859 2190 facundia,
875 2123 899 2180 si
912 2141 968 2200 qua
981 2131 1033 2188 est,

225 2203 296 2271 Quae
309 2221 384 2259 nunc
397 2220 449 2278 pro
463 2200 585 2269 domino,
601 2219 651 2276 pro
665 2201 745 2256 vobis
759 2220 834 2276 saepe
848 2201 942 2258 locuta
955 2210 1007 2268 est,

225 2281 336 2339 Invidia
349 2288 461 2348 careat;
482 2280 556 2336 bona
568 2297 620 2336 nec
634 2298 685 2336 sna
698 2278 815 2354 quisque
830 2289 948 2336 recuset.

226 2359 301 2417 Nam
315 2377 403 2435 genus
418 2365 446 2416 et
459 2376 577 2433 proavos
592 2366 620 2413 et
634 2376 698 2432 quae
711 2375 768 2412 non
781 2356 899 2414 fecimus
912 2353 988 2433 ipsi,
1114 2362 1171 2416 140
1256 2399 1257 2422 1

225 2437 280 2494 Vix
294 2457 327 2494 ea
339 2445 525 2494 nostravoco:
547 2434 692 2502 sedenim,
707 2435 773 2515 quia
786 2435 880 2492 retulit
895 2435 967 2511 Ajax

225 2515 295 2573 Esse
309 2515 388 2574 Jovis
401 2531 551 2591 pronepos,
565 2513 654 2570 nostri
667 2532 777 2589 quoqne
791 2513 934 2590 sanguinis
948 2521 1046 2570 auctor

227 2593 340 2671 Jupiter
352 2602 404 2660 est,
420 2592 591 2668 totidemque
604 2590 709 2668 gradm
723 2591 861 2648 distamus
875 2592 909 2648 ab
923 2591 982 2649 illo.

226 2673 302 2728 Nam
315 2670 387 2728 mihi
400 2671 516 2728 Laertes
529 2680 609 2746 pater
622 2677 674 2737 est,
688 2668 821 2726 Arcesius
835 2669 884 2738 illi,

227 2750 340 2826 Jupiter
348 2749 432 2806 huic:
448 2765 538 2824 neque
551 2749 581 2804 in
589 2747 634 2804 his
647 2747 795 2824 quisquam
806 2747 963 2815 damnatus,
974 2755 1002 2805 et
1011 2747 1087 2806 exul.
1114 2751 1170 2808 145

225 2829 278 2886 Est
292 2846 402 2905 quoque
415 2846 464 2903 per
477 2834 595 2883 matrem
611 2825 755 2902 Cyllenius
770 2825 865 2882 addita
877 2826 958 2884 nobis

226 2906 325 2963 Altera
337 2905 482 2961 nobilitas:
505 2905 584 2962 Deus
597 2905 681 2960 estin
695 2914 813 2980 utroque
827 2912 951 2980 parente.

227 2983 283 3042 Sed
296 2999 386 3059 neque
399 2991 525 3040 materno
539 2981 613 3058 qnod
627 3001 690 3038 snm
704 2983 864 3059 generosior
877 2991 950 3050 ortu,

226 3063 289 3120 Nec
303 3061 382 3126 mihi,
395 3060 471 3137 quod
485 3071 563 3136 pater
576 3068 619 3117 est
632 3059 747 3118 fraterni
760 3060 904 3136 sanguinis
917 3060 1021 3125 insons,

227 3139 375 3216 Proposita
388 3158 466 3196 arma
478 3147 561 3214 peto:
583 3139 690 3196 meritis
706 3140 853 3215 expendite
867 3157 990 3196 cansam.
1115 3143 1173 3197 150

227 3217 389 3276 Dummodo
402 3217 478 3293 quod
490 3217 589 3274 fratres
602 3217 736 3274 Telamon
750 3217 905 3294 Peleusque
918 3217 1041 3283 fuerunt,

226 3296 322 3372 Ajacis
336 3296 467 3352 meritum
481 3315 538 3352 non
552 3295 608 3351 sit:
628 3315 682 3352 nec
698 3295 841 3372 sanguinis
855 3294 934 3363 ordo,

227 3374 284 3432 Sed
296 3375 409 3432 virtutis
422 3374 512 3430 honos
527 3373 623 3450 spoliis
637 3382 780 3450 quaeratur
792 3374 822 3430 in
835 3373 909 3431 istis.

227 3453 287 3510 Aut
301 3453 325 3510 si
338 3451 512 3528 proximitas,
528 3452 690 3528 primusque
704 3452 854 3528 requiritur
868 3454 967 3522 haeres,

228 3531 281 3587 Est
294 3530 404 3605 genitor
418 3529 530 3594 Peleus,
542 3538 585 3586 est
600 3530 726 3606 Pyrrhus
740 3530 814 3586 filius
827 3530 887 3598 illi;
1118 3535 1174 3589 155

227 3607 299 3675 Quis
312 3606 390 3664 locus
403 3605 499 3682 Ajacil
524 3606 655 3666 Phthiam
670 3607 810 3684 Scyronve
822 3607 965 3678 ferantur3
