2534 4172
493 180 654 222 CARHINA.

118 319 181 387 Quo
194 319 281 377 cubat
292 317 356 394 ipse
371 316 458 385 Deus,
473 314 607 372 membris
620 316 753 390 languore
767 315 875 374 solutis.

118 400 204 458 Hunc
217 399 293 456 circa
305 395 422 472 passim,
438 395 528 452 varias
541 394 682 453 imitantia
694 394 798 452 formas

118 477 232 536 Somnia
244 494 319 533 vana
327 473 423 551 jacent
437 473 563 541 totidem,
579 472 654 549 quod
668 472 768 530 messis
781 473 881 532 adstas

118 555 194 614 Silva
207 554 281 632 gerit
293 552 418 620 frondes,
433 551 535 630 ejectas
549 551 617 610 litus
630 569 739 610 menas.

34 781 114 922 llo]
135 735 283 902 filliis
344 826 490 886 alueis
511 825 562 886 nr
583 825 809 886 PHILEMON.

278 1004 424 1062 Immensa
437 1010 488 1072 est,
504 1003 644 1080 finemque
657 1001 785 1080 potentia
799 1000 862 1064 coeli

118 1084 187 1148 Non
200 1082 296 1152 habet,
312 1092 341 1141 et
354 1081 486 1159 quicquid
500 1081 603 1159 Superi
616 1080 736 1148 voluere,
750 1089 896 1158 peractum
911 1090 972 1140 est:

120 1163 245 1239 Quoque
259 1161 354 1221 minus
368 1160 489 1228 dubites,
505 1159 574 1218 tiliae
589 1160 763 1220 contermina
776 1179 895 1237 quercus

120 1241 251 1300 Collibus
265 1246 309 1298 est
323 1238 464 1316 Phrygiis,
480 1237 590 1296 modico
604 1238 776 1298 circumdata
788 1257 880 1298 muro.

119 1319 298 1396 Ipselocum
312 1317 388 1374 vidi:
411 1336 476 1374 nam
490 1336 535 1374 me
550 1315 681 1392 Pelopeia
695 1316 826 1374 Pittheus
1051 1317 1068 1371 5

120 1397 205 1455 Misit
217 1397 249 1453 in
262 1415 337 1462 arva,
353 1414 404 1452 suo
418 1393 561 1471 quondam
574 1403 691 1470 regnata
704 1395 823 1472 parenti.

120 1475 211 1533 Haud
225 1473 325 1552 procul
338 1473 404 1530 hinc
418 1481 568 1550 stagnum:
590 1473 674 1530 tellus
687 1472 849 1532 habitabilis
864 1471 949 1530 olim:

121 1553 210 1612 Nunc
224 1552 347 1611 celebres
361 1551 465 1628 mergis
480 1550 627 1628 fulicisque
640 1551 814 1629 palustribus
828 1550 923 1610 undae.

122 1633 240 1710 Jupiter
253 1632 318 1697 huc,
335 1630 426 1705 specie
441 1629 561 1698 mortali,
576 1648 696 1707 cumque
710 1638 826 1706 parente

113 1709 209 1768 ‚Venit
222 1707 401 1766 Atlantiades
414 1707 513 1784 positis
526 1707 667 1766 caducifer
680 1708 741 1766 alis.
1036 1712 1070 1766 10

122 1787 206 1846 Mille
220 1787 320 1847 domos
334 1785 436 1854 adiere,
450 1785 543 1844 locum
557 1786 737 1863 requiemque
750 1794 898 1864 petentes:

122 1866 207 1926 Mille
221 1865 319 1922 domos
333 1863 456 1922 clausere
470 1882 559 1922 serae:
581 1872 677 1922 tamen
690 1884 746 1922 una
759 1865 873 1943 recepit,

123 1939 216 2002 Parva
230 1942 353 2020 quidem,
369 1942 480 2018 stipulis
494 1949 523 2001 et
535 1961 625 2000 canna
638 1951 713 2000 tecta
725 1943 862 2019 palustri:

124 2021 183 2080 Sed
196 2020 246 2099 pia
258 2021 360 2080 Baucis
373 2040 452 2088 anus,
467 2019 603 2097 parilique
616 2029 699 2080 aetate
713 2020 862 2080 Philemon

124 2099 181 2157 Illa
195 2108 262 2156 sunt
274 2099 354 2156 annis
370 2098 463 2176 juncti
479 2099 669 2176 juvenilibus:
691 2099 740 2158 illa
1037 2103 1070 2156 15

125 2177 305 2237 Conseruere
319 2197 399 2234 casa:
420 2185 670 2254 paupertatemque
683 2177 797 2236 fatendo

124 2255 252 2316 Effecere
265 2255 364 2323 levem,
379 2274 430 2312 nec
442 2256 538 2333 iniqua
550 2265 646 2314 mente
659 2255 813 2316 ferendam.

126 2334 189 2392 Nee
202 2334 298 2402 refert,
314 2333 442 2392 dominos
455 2333 512 2393 illic
526 2333 683 2394 famulosne
696 2335 821 2411 requiras
834 2359 842 2404 3

126 2410 200 2470 Tota
213 2411 314 2470 domus
328 2411 383 2468 duo
398 2421 483 2469 sunt:
504 2410 580 2470 idern
594 2421 748 2490 parentque
757 2413 925 2492 jubentque.

127 2489 204 2567 Ergo
218 2490 268 2547 uhi
281 2489 412 2548 coelicolae
425 2509 527 2624 parvos
541 2491 658 2568 tetigere
672 2501 797 2569 penates,
1036 2495 1074 2549 20

129 2568 331 2645 Submissoque
344 2567 425 2626 humi
437 2588 467 2625 es
480 2569 622 2627 intrarunt
634 2570 738 2628 vertice
752 2578 855 2646 postes,

128 2647 262 2706 Membra
274 2665 359 2706 senex
372 2647 465 2722 posito
475 2647 562 2723 jussit
575 2647 696 2706 relevare
710 2649 809 2706 sedili:

129 2724 194 2792 Quo
208 2723 388 2801 superinjecit
402 2732 511 2783 textum
525 2725 596 2784 rude
609 2726 706 2784 sedula
719 2727 833 2788 Baucis.

128 2803 202 2861 Inde
215 2803 279 2860 foco
293 2801 420 2879 tepidum
433 2803 555 2862 cinerem
570 2804 687 2862 dimovit
701 2815 729 2862 et
742 2806 822 2882 ignes

130 2880 255 2939 Suscitat
267 2879 432 2940 hesternos:
453 2881 583 2960 foliisque
597 2891 625 2940 et
639 2883 740 2942 cortice
754 2885 827 2942 sicco
1039 2886 1075 2942 25

129 2959 249 3017 Nutrit:
271 2968 299 3017 et
312 2959 348 3018 ad
361 2960 490 3017 flammas
503 2961 596 3018 anima
609 2961 740 3037 producit
753 2963 820 3020 anili
831 2987 840 3033 ;

130 3036 345 3114 Multifidasque
359 3037 443 3104 faces,
458 3039 627 3116 ramaliaque
641 3039 719 3097 arido
734 3049 809 3098 tecto

131 3111 253 3182 Detulit,
267 3123 297 3172 et
309 3115 421 3184 minuit,
435 3135 577 3194 parvoque
591 3117 716 3175 admovit
729 3118 840 3178 aheno:

131 3193 271 3271 Quodque
285 3213 352 3252 suus
366 3195 469 3272 conjux
482 3195 562 3271 riguo
576 3195 725 3272 collegerat
738 3197 832 3266 horto,

131 3272 258 3330 Truncat
272 3271 334 3330 olus
348 3272 443 3331 foliis:
465 3273 544 3331 furca
556 3273 630 3330 levat
643 3275 689 3331 ille
704 3274 811 3332 bicorni
1041 3277 1081 3336 30

132 3349 252 3408 Sordida
266 3358 340 3409 tecta
353 3351 420 3420 suis,
435 3351 515 3428 nigro
528 3351 680 3427 pendentia
693 3352 791 3429 tigno:

132 3429 303 3505 Servatoque
317 3428 366 3486 diu
379 3438 485 3488 resecat
499 3428 533 3487 de
547 3440 656 3506 tergore
670 3438 780 3506 partem

132 3507 291 3584 Exiguam:
313 3517 473 3584 sectamque
487 3507 583 3566 domat
595 3507 768 3566 ferventibus
781 3508 875 3570 undis.

132 3588 245 3644 Interea
258 3584 364 3642 medias
377 3585 482 3642 fallunt
495 3585 670 3646 sermonibus
683 3586 784 3649 horas:
