2534 4172
535 157 695 198 cramus.

157 295 237 351 Dure
251 291 427 350 Philoctete:
448 290 515 349 licet
528 309 662 359 exserere,
674 309 824 367 meumque

158 372 306 429 Devoreas
320 371 380 428 siae
393 372 449 428 fine
462 378 557 447 caput,
571 369 722 447 cupiasque
736 369 844 426 dolenti

158 452 211 509 Me
224 450 277 507 tibi
289 449 363 507 sorte
377 449 446 518 dari,
460 458 643 525 nostrumque
656 447 769 506 haurire
783 467 919 517 cruorem,

159 531 256 606 thue
269 528 313 584 tui
325 527 405 594 mibi,
421 527 460 585 sic
473 528 523 583 fiat
536 527 588 583 tibi
601 525 682 602 copia
695 526 802 594 nostri余

158 609 201 666 Te
214 618 310 664 tamen
323 605 486 682 aggrediar:
507 623 672 682 mecumque
686 603 817 662 reducere
831 604 922 673 nitar:

158 687 287 761 Tamque
300 684 358 741 tuis
371 683 472 760 potiar,
487 683 580 740 faveat
593 683 727 750 Fortuna,
744 683 863 760 sagittis,

159 765 253 831 Quam
268 783 331 820 sum
346 761 496 831 Dardanio,
512 779 594 838 quem
609 761 679 838 cepi,
693 770 757 818 rate
770 761 894 838 potitus3

159 843 254 910 Quam
268 859 403 918 responsa
417 841 511 908 deum,
525 839 701 917 Trojanaque
714 838 773 896 lata
785 840 881 906 retexi,

158 921 254 987 Quam
268 919 350 995 rapui
363 918 497 996 Phrygiae
511 918 623 995 signum
637 916 778 994 penetrale
791 917 928 975 Minervae

161 998 301 1055 Hostibus
319 1015 334 1054 e
347 997 466 1054 mediis:
487 1005 516 1053 et
529 1015 560 1053 se
572 995 644 1053 mihi
657 1004 800 1072 comparet
813 994 907 1073 Ajaxl

159 1078 273 1153 Nempe
286 1075 348 1151 capi
362 1075 473 1152 'frojam
489 1074 675 1149 prohibebant
687 1073 746 1132 fata
759 1074 819 1132 sine
832 1075 897 1133 illis.

159 1155 253 1212 Fortis
268 1153 316 1210 ubi
329 1161 372 1210 est
385 1150 479 1230 Ajaxl
499 1153 548 1210 ubi
562 1165 629 1210 sunt
639 1152 768 1228 ingentia
778 1155 873 1230 magni

158 1233 255 1290 Verba
268 1229 340 1290 viri?
361 1251 411 1289 our
424 1232 471 1288 hic
484 1229 609 1290 metuis?
630 1249 680 1288 eur
693 1231 778 1288 audet
793 1233 890 1289 Ulixes

159 1312 207 1368 Ire
220 1330 271 1388 per
284 1310 415 1367 excubias
428 1318 457 1366 et
471 1329 501 1367 se
514 1309 690 1368 committere
702 1307 799 1366 noeti?

159 1389 270 1466 Perque
283 1387 357 1446 feros
370 1407 459 1456 enses,
475 1407 532 1445 non
544 1395 654 1445 tantum
669 1387 774 1446 moenia
786 1388 902 1452 Trotim,

158 1467 267 1524 Verum
281 1467 365 1523 etiam
379 1485 504 1524 summas
517 1485 594 1524 arces
607 1467 719 1533 intrare,
735 1485 840 1542 suaque

158 1546 277 1622 Eripere
291 1544 352 1603 aede
366 1545 464 1612 Deam,
479 1552 644 1621 raptamque
657 1544 755 1601 efferre
768 1563 819 1619 per
830 1542 948 1602 hostes?

159 1623 234 1690 Quae
247 1622 302 1680 nisi
313 1622 451 1690 fecissem,
466 1623 570 1680 frustra
582 1622 733 1680 Telamone
746 1628 856 1679 creatus

160 1701 308 1758 Gestdsset
321 1701 393 1758 laeva
406 1710 551 1758 taurorum
564 1708 676 1778 tergora
690 1708 808 1778 septem.

161 1779 216 1836 Illa
229 1787 310 1837 noeto
323 1779 394 1836 mihi
407 1779 501 1856 Trojae
515 1779 632 1838 victoria
644 1787 725 1856 parta
738 1786 800 1836 est:

161 1858 299 1933 Pergama
312 1865 375 1914 tum
388 1857 450 1925 vici,
465 1877 552 1934 quum
566 1858 640 1914 vinci
652 1877 736 1934 posse
749 1856 836 1933 coegi

161 1935 266 1992 Desine
279 1935 407 2012 Tydiden
420 1935 556 2012 vultuque
570 1943 598 1993 et
611 1955 754 1993 murmure
767 1937 848 1992 nobis

161 2013 312 2070 Ostentare
325 2033 437 2070 meum:
459 2033 523 2090 pars
537 2021 581 2071 est
594 2033 644 2071 sua
656 2013 746 2071 laudis
759 2014 789 2070 in
802 2013 867 2071 illis.

162 2091 224 2149 Nec
236 2099 278 2159 tu,
293 2111 380 2168 quum
395 2090 469 2148 socia
480 2092 609 2169 clypeum
624 2112 675 2169 pro
688 2091 775 2150 classe
788 2093 912 2160 tenebas,

162 2169 244 2226 Solus
258 2189 336 2226 eras:
358 2169 409 2227 tibi
423 2169 507 2227 turba
520 2189 632 2228 comes:
654 2170 725 2227 mihi
739 2171 856 2246 contigit
870 2190 952 2239 unus,

161 2247 227 2316 Qui,
241 2247 295 2306 nisi
308 2245 463 2324 pugnacem
477 2250 560 2306 sciret
573 2245 698 2325 sapiente
711 2248 849 2306 minorem

161 2326 240 2394 Esse,
255 2345 306 2383 neo
319 2325 464 2383 indomitae
478 2326 572 2384 deberi
585 2327 702 2404 praemia
715 2327 830 2394 dextrae,

162 2404 228 2480 Ipse
241 2423 352 2482 quoque
365 2404 426 2462 haeo
439 2413 547 2480 peteret
558 2429 566 2472 余
587 2413 696 2482 peteret
708 2404 877 2462 moderatior
890 2403 971 2481 Ajax,

161 2481 379 2560 Eurypylusque
392 2482 479 2552 ferox,
495 2483 624 2560 claroque
636 2483 817 2540 Andremone
831 2491 915 2539 natus
927 2508 935 2552 3

161 2562 224 2618 Nec
237 2561 331 2617 minus
345 2561 524 2630 Idomeneus,
539 2563 683 2639 patriaque
697 2570 807 2619 oreatus
822 2561 918 2619 eadem

162 2639 322 2701 Meriones:
344 2645 452 2716 peteret
465 2641 578 2718 majoris
592 2641 677 2698 frater
691 2640 819 2698 Atridae:

161 2717 275 2792 Quippe
288 2737 374 2774 manu
387 2717 484 2782 sortes,
499 2738 550 2776 neo
564 2727 629 2776 sunt
643 2719 695 2775 tibi
709 2718 802 2776 Marte
817 2719 941 2788 secundi,
1046 2722 1104 2778 360

162 2795 292 2853 Consiliis
306 2815 411 2853 cessere
424 2797 514 2854 meis:
535 2797 587 2854 tibi
601 2797 715 2855 dextera
727 2796 801 2854 bello

162 2873 248 2931 Utilis
260 2898 267 2940 余
288 2873 432 2950 ingenium
446 2882 498 2940 est,
513 2875 587 2952 quod
601 2883 665 2952 eget
678 2875 867 2933 moderamine
880 2876 969 2934 nostri

160 2952 207 3008 Tu
219 2951 291 3010 vires
304 2953 363 3010 sine
376 2961 471 3010 mente
485 2955 575 3030 geris:
597 2953 669 3011 mihi
682 2973 750 3011 cura
761 2954 851 3010 futuri
865 2963 907 3011 est
920 2977 927 3012 :

161 3031 206 3087 Tu
219 3049 344 3107 pugnare
356 3040 454 3106 potes:
476 3032 621 3108 pugnandi
634 3041 762 3110 tempora
774 3051 885 3090 mecum

161 3107 250 3184 Eligit
263 3108 395 3166 Atrides:
417 3117 448 3167 tu
461 3118 572 3167 tantum
587 3129 702 3187 corpore
716 3110 817 3187 prodes
828 3134 835 3178 余
1049 3113 1104 3167 365

161 3185 224 3243 Nos
237 3186 349 3244 animo:
372 3195 530 3264 quantoque
543 3195 631 3246 ratem
646 3189 694 3266 qui
707 3196 854 3264 temperat,
870 3187 958 3244 anteit

162 3264 288 3341 Remigis
301 3264 444 3334 officium
466 3275 571 3343 quanto
585 3267 643 3324 dux
656 3266 745 3323 milite
759 3266 869 3341 major:

160 3342 253 3398 Tanto
267 3361 319 3418 ego
333 3350 361 3401 te
374 3363 493 3420 supero:
515 3363 623 3402 necnon
636 3345 664 3401 in
680 3361 795 3419 corpore
808 3351 904 3400 nostro

161 3419 280 3477 Pectora
293 3429 359 3478 sunt
372 3423 481 3498 potiora
494 3442 597 3480 manu:
620 3423 698 3498 rigor
711 3421 803 3478 omnis
816 3422 846 3478 in
859 3421 924 3478 illis.

161 3497 201 3554 At
215 3517 274 3566 vos,
290 3517 307 3554 o
321 3519 459 3574 proceres,
473 3501 553 3577 vigili
567 3500 632 3558 date
646 3500 762 3577 praemia
775 3507 887 3567 vestro:
1050 3505 1107 3564 370

162 3575 272 3654 Proque
286 3584 329 3633 tot
343 3596 479 3635 annorum
493 3579 567 3636 curis
581 3597 651 3656 quas
665 3578 763 3636 anxius
778 3578 832 3656 egi,
