2486 4172
164 176 201 232 76
500 185 528 226 Ρ.
550 184 656 225 ovruu
679 184 815 224 Nasonis

203 321 332 380 Ascendo
348 321 432 392 (vires
445 320 555 378 animus
569 320 666 393 dabat)
682 327 766 396 atque
779 319 819 376 ita
832 318 887 376 late

241 401 366 477 AEquora
378 407 529 476 prospectu
542 399 643 456 metior
657 398 713 455 alta
726 417 799 455 meo.

203 479 274 536 Inde
287 497 339 554 ego
355 476 432 552 (nam
446 477 537 534 ventis
551 495 662 553 quoque
675 496 738 533 sum
752 475 911 533 crudelibus
924 474 989 548 usa)

241 556 307 613 Vidi
320 555 458 633 praecipiti
471 555 586 612 carbasa
599 563 677 611 tenta
689 563 774 623 not0;
1116 559 1156 615 30

202 635 262 694 Aut
275 634 349 692 vidi:
371 643 420 690 aut
434 633 527 701 etiam,
542 652 606 690 cum
620 651 665 689 me
678 632 779 689 vidisse
792 640 930 709 putarem,

243 712 381 786 Frigidior
393 711 481 788 glacie
494 710 709 786 semanimisque
722 710 772 768 fui.

202 791 264 849 Neo
276 791 409 868 languere
422 789 471 846 diu
484 789 591 865 patitur
605 787 700 845 dolor:
723 790 828 846 excitor
840 787 898 857 illo,

242 869 374 936 Excitor3
396 876 424 924 et
438 887 548 924 summa
559 867 668 924 Thesea
681 886 748 923 voce
761 873 840 924 vo‘oo.

204 947 295 1015 “Quo
308 944 425 1022 fugisl’'
441 945 579 1003 exclamo:
598 944 765 1011 “scelerate
781 953 926 1012 revertere,
946 944 1063 1002 Theseu
1072 970 1080 1016 ;
1111 949 1149 1004 35

243 1025 337 1082 Flecte
350 1033 439 1082 ratem
450 1047 457 1090 ;
478 1042 626 1080 numerum
640 1041 696 1079 non
710 1022 795 1080 habet
808 1023 856 1080 illa
869 1023 984 1081 suum.''

204 1104 276 1160 Haec
289 1122 341 1178 ego
352 1124 359 1158 z
380 1101 456 1178 quod
469 1101 530 1158 voci
543 1101 645 1167 deerat,
661 1100 794 1176 plangore
807 1100 947 1178 replebam
958 1125 966 1169 ς

241 1180 365 1237 Verbera
378 1199 442 1237 cum
456 1179 547 1236 verbis
561 1181 649 1235 mixta
662 1178 738 1236 fuere
753 1179 832 1237 meio.

204 1259 233 1316 si
246 1277 303 1316 non
316 1259 435 1323 audires,
451 1268 483 1315 ut
497 1257 720 1320 saltem'cernere
734 1277 839 1333 posses,

240 1335 359 1394 Jactatae
367 1335 427 1393 ¹late
440 1337 520 1412 signa
533 1334 632 1393 dedere
645 1355 754 1392 manus.

203 1413 383 1490 Candidaque
397 1414 519 1492 imposui
531 1412 623 1490 longae
637 1414 793 1490 gestamina
805 1413 901 1492 virgae,

242 1492 352 1550 Scilicet
365 1493 466 1550 oblitos
479 1492 658 1550 admonitura
672 1496 735 1549 mei.

203 1571 322 1647 Jamque
336 1571 423 1629 oculis
437 1579 550 1646 ereptus
563 1589 641 1627 eras:
663 1579 725 1626 tum
739 1570 857 1647 denique
870 1569 950 1639 flevi3

240 1649 417 1725 Torpuerant
432 1649 528 1705 molles
542 1658 607 1705 ante
621 1648 715 1706 dolore
727 1668 818 1725 genae.

203 1727 280 1794 Quid
294 1728 387 1804 potius
399 1727 530 1794 facerent,
547 1745 632 1803 quam
645 1746 691 1783 me
704 1746 766 1784 mea
779 1727 886 1784 lumina
898 1727 1005 1794 flerent,

242 1806 394 1882 Postquam
409 1805 547 1862 desierant
560 1804 620 1862 vela
635 1805 726 1862 videre
739 1805 811 1863 tuai

204 1882 263 1939 Aut
277 1903 329 1959 ego
343 1883 454 1940 diffusis
468 1883 557 1939 erravi
570 1883 629 1940 sola
642 1883 759 1959 capillis,

242 1960 339 2027 Qualis
352 1961 387 2017 ab
401 1961 513 2037 Ogygio
527 1961 635 2018 concita
648 1960 761 2019 Baccha
774 1961 843 2020 deo:

202 2039 262 2096 Am
275 2057 351 2096 mare
364 2040 535 2115 prospiciens
548 2039 576 2096 in
592 2059 658 2096 saxo
671 2039 774 2116 frigida
787 2040 864 2098 sedi:

241 2115 389 2193 Quamque
402 2115 474 2193 lapis
488 2117 575 2184 sedes,
591 2125 649 2174 tam
663 2118 734 2194 lapis
746 2119 808 2194 ipsa
821 2118 872 2176 fui.

203 2194 284 2270 Saepe
298 2204 391 2252 torum
405 2203 510 2270 repeto,
525 2195 638 2271 quinos
652 2207 795 2272 acceperat
809 2197 923 2254 ambos:

241 2269 296 2330 Sed
310 2292 364 2328 non
380 2281 509 2348 acceptos
522 2273 700 2331 exhibiturus
714 2283 782 2332 erat.

201 2351 239 2408 Et
253 2359 310 2417 tua,
325 2370 380 2427 qua
392 2370 517 2428 possum,
532 2371 583 2428 pro
597 2361 634 2418 tc,
649 2353 766 2428 vestigia
778 2364 882 2430 tangor

241 2429 396 2506 Strataque,
412 2449 472 2505 quae
487 2429 619 2486 membris
631 2430 776 2507 intepuere
789 2433 857 2488 tuis.

202 2507 356 2564 Incumbo:
378 2507 553 2583 lacrimisque
567 2517 628 2564 toro
641 2518 772 2565 manante
782 2509 918 2585 profusis,

242 2592 260 2618 “
271 2584 457 2650 Pressimus,’'
473 2587 607 2652 exclamo
625 2592 643 2618 “
653 2595 680 2643 te
695 2586 768 2644 duo:
790 2587 874 2645 redde
888 2588 968 2646 duos,

201 2663 337 2720 Venimus
350 2663 407 2720 huc
420 2663 522 2720 ambo:
543 2682 593 2720 cur
605 2683 661 2721 non
676 2664 844 2722 discedimus
858 2664 960 2723 ambo?

241 2741 359 2807 Perfide,
374 2759 439 2816 pars
453 2741 549 2809 nostri,
565 2741 666 2799 lectule
681 2743 769 2820 major
781 2744 829 2801 ubi
842 2743 925 2801 estl''

201 2818 278 2886 Quid
291 2817 414 2875 faciam?
435 2838 490 2895 quo
504 2820 562 2877 sola
574 2819 667 2876 ferar?
688 2833 767 2878 vacat
781 2822 873 2880 insula
886 2823 980 2891 cultu;

241 2897 306 2953 Non
321 2897 465 2953 hominum
480 2897 569 2965 video,
584 2918 638 2956 nou
653 2918 704 2975 ego
718 2901 791 2956 facta
806 2903 898 2957 boum.

201 2975 293 3033 Omne
307 2975 381 3032 latus
395 2985 477 3032 terrae
490 2977 577 3052 cingit
591 2997 685 3043 mare3
707 2982 799 3035 navita
812 2997 967 3056 nusquam;

242 3053 326 3109 Nulla
339 3073 388 3128 per
402 3053 546 3130 ambiguas
559 3055 663 3130 puppis
675 3056 750 3111 itura
762 3057 830 3114 vias.

201 3131 289 3207 Finge
303 3132 362 3188 dari
376 3133 546 3208 comitesque
560 3133 637 3198 mihi,
653 3143 805 3211 ventosque
818 3143 961 3212 ratemque
973 3161 981 3204 ;

240 3209 317 3276 Quid
330 3207 450 3286 sequarl
470 3229 598 3267 accessus
612 3221 685 3268 terra
698 3222 814 3287 paterna
826 3222 920 3290 negat.

202 3288 242 3345 Ut
255 3297 314 3344 rate
327 3288 400 3345 felici
414 3298 512 3365 pacata
525 3307 576 3364 per
589 3308 702 3364 aequora
715 3291 809 3347 labara

240 3367 390 3443 Temperet
403 3376 437 3422 ut
448 3375 546 3423 ventos
559 3367 667 3433 AEolus,
683 3369 747 3425 exul
762 3388 820 3427 ero.

202 3443 267 3501 Non
281 3463 333 3518 ego
346 3453 383 3511 te,
399 3443 491 3510 Crete,
507 3453 619 3501 centurn
633 3445 743 3521 digesta
756 3467 806 3522 per
819 3449 913 3517 urbes,

239 3521 393 3598 Aspiciam,
408 3539 496 3596 puero
508 3523 619 3592 cognita
632 3530 706 3580 terra
719 3524 793 3583 Jovi.
