2486 4172
555 189 714 230 calamna.

173 323 328 398 Turbaque
342 339 501 387 vernarum,
518 322 604 380 satuii
617 322 690 378 bona
704 321 784 398 signa
796 321 896 388 coloni,

215 401 321 468 Ludet,
337 408 366 456 et
380 419 414 456 ex
428 399 513 475 virgis
528 409 636 456 extruet
650 409 715 457 ante
725 418 813 456 casas.

174 481 323 537 Eventnra
335 496 446 554 precor,
486 477 584 534 Viden'
601 485 634 533 ut
647 477 773 534 felicibus
787 478 859 535 extis

216 557 364 633 Significet
377 555 501 630 placidos
515 558 613 612 nuntia
626 557 696 612 fibra
710 554 797 612 deos?

173 636 264 694 Nunc
273 635 344 691 mihi
358 631 484 690 fumosos
497 634 597 690 veteris
611 634 732 710 proferte
747 633 878 692 Falernos

217 712 360 778 Consulis,
374 722 402 768 et
416 711 488 768 Chio
502 711 600 768 solvite
613 712 704 768 vincla
717 711 795 769 cado.

173 791 253 848 Vina
266 791 341 847 diem
355 789 513 857 celehrent;
534 809 589 846 non
605 789 676 846 festa
689 789 750 846 luce
764 789 876 848 madere

216 869 272 925 Est
285 869 379 934 rubor,
396 876 518 924 errantes
531 878 559 924 et
573 867 645 924 male
659 867 729 924 ferre
742 867 839 947 pedes.

173 947 236 1004 Sed
251 946 348 1003 “bene
362 944 514 1002 Messalam
522 946 541 969 ”
557 965 608 1002 soa
621 945 737 1022 quisque
751 945 786 1002 ad
800 947 902 1022 pocula
915 945 999 1016 dicat,

216 1025 333 1080 Nomen
346 1031 374 1079 et
387 1023 509 1080 absentis
523 1023 632 1100 singula
646 1024 729 1081 verba
741 1033 850 1082 sonent.

173 1103 281 1160 Gentis
295 1101 446 1176 Aquitanae
460 1100 567 1158 celeber
581 1101 704 1159 Messala
719 1101 880 1179 triumphis,

216 1181 256 1236 Et
269 1199 372 1256 magna
384 1179 501 1252 intonsis
515 1179 603 1256 gloria
616 1180 704 1236 victor
718 1179 785 1245 avis,

172 1259 247 1318 Huc
260 1257 335 1325 ades,
351 1257 497 1334 aspiraque
510 1257 589 1325 mihi,
602 1257 669 1314 dum
683 1257 804 1316 carmine
818 1264 913 1316 nostro

218 1335 358 1394 Redditur
371 1335 498 1411 agricolis
512 1335 602 1411 gratia
614 1335 764 1394 coelitibus.

172 1416 257 1474 Rura
270 1433 339 1470 cano
353 1413 478 1490 rurisque
492 1414 576 1481 deos;
598 1413 714 1470 hierita
728 1413 870 1490 magistris

217 1491 353 1549 Desuevit
366 1511 471 1568 querna
483 1491 585 1568 pellere
599 1490 699 1568 glande
716 1491 830 1550 famem.

171 1569 225 1628 Illi
239 1569 402 1646 compositis
417 1569 539 1646 primurn
555 1570 673 1626 docuere
688 1569 784 1646 tigillis

218 1647 355 1724 Exiguam
370 1647 452 1704 viridi
464 1648 563 1705 fronde
575 1647 683 1725 operire
696 1647 822 1707 domums

171 1727 225 1784 Illi
238 1727 322 1783 etiarn
338 1733 434 1783 tauros
447 1725 530 1802 primi
544 1725 670 1782 docuisss
684 1725 813 1783 feruntur

218 1803 375 1870 Servitium,
391 1812 419 1860 et
434 1804 558 1881 plaustro
572 1823 753 1880 supposuisse
766 1813 868 1862 rotam.

171 1883 259 1940 Tunc
272 1881 363 1938 victus
376 1881 468 1938 abiere
481 1882 550 1940 feri:
572 1889 640 1938 tunc
654 1883 761 1940 casita
774 1901 894 1959 pomus;

218 1961 297 2017 Tunc
311 1958 383 2017 bibit
396 1959 516 2036 irriguas
529 1959 628 2017 fertilis
642 1959 742 2017 hortus
755 1980 772 2017 a
792 1979 861 2029 uas;

173 2039 272 2096 Aurea
285 2045 354 2094 tunc
366 2057 478 2114 pressos
491 2038 611 2116 pedibus
625 2037 701 2094 dedit
716 1979 911 2116 uvaliquores‚

219 2116 365 2192 Mixtaque
379 2134 477 2174 secum
491 2123 533 2172 est
548 2114 640 2172 sobria
653 2115 771 2192 lympha
781 2135 869 2175 meru.
993 2117 996 2123 ’

172 2195 255 2252 Rura
268 2194 363 2251 ferunt
378 2213 490 2261 messes,
506 2193 588 2250 calidi
600 2213 687 2271 quum
702 2193 800 2251 sideris
815 2203 889 2252 aestu

215 2270 341 2347 Deponit
356 2270 442 2328 flavas
456 2289 548 2330 annua
562 2279 635 2328 terra
648 2291 752 2329 comas.

173 2349 253 2406 Rure
266 2349 334 2405 levis
347 2368 432 2406 verno
446 2350 528 2406 flores
541 2349 602 2425 apis
616 2349 719 2426 ingeris
732 2350 819 2418 alveo,

215 2425 362 2502 Compleat
375 2434 408 2483 ut
422 2427 497 2484 dulci
511 2427 607 2484 sedula
620 2427 701 2486 melle
714 2427 804 2485 favos.

172 2503 307 2580 Agricola
319 2503 432 2562 assiduo
446 2506 568 2581 primurn
582 2506 699 2563 satiatus
712 2514 804 2563 aratro

214 2581 345 2640 Cantavit
360 2597 435 2640 certo
449 2583 553 2640 mstica
566 2584 650 2640 verba
663 2584 751 2659 pede;

136 2667 145 2670 “
171 2661 211 2720 Et
224 2671 302 2718 satur
314 2660 403 2718 arenti
414 2660 536 2737 primum
550 2669 593 2719 est
605 2661 766 2719 modulatus
778 2680 865 2720 avena

213 2737 343 2803 Carmen,
357 2746 390 2795 nt
403 2747 516 2796 ornatos
530 2739 634 2796 diceret
647 2748 712 2798 ante
726 2740 802 2798 deos.

172 2816 306 2892 Agricola
318 2824 346 2874 et
359 2817 446 2874 minio
460 2817 593 2886 suffusus,
609 2818 728 2886 Bacche,
743 2817 856 2877 rubenti

214 2895 326 2952 Primus
341 2895 487 2970 inexperta
500 2893 581 2952 duxit
594 2895 629 2952 ab
644 2906 703 2953 arte
717 2897 829 2955 choros.

174 2973 252 3030 Huic
265 2972 347 3028 datus
361 2991 378 3028 a
390 2972 483 3049 pleno,
498 2973 677 3031 memorabile
690 2993 803 3042 munus,
819 2973 894 3042 ovili,

103 3053 105 3056 ’
215 3050 280 3107 Dux
294 3051 389 3106 hircus
403 3050 525 3127 pecoris;
547 3050 666 3109 duxerat
679 3052 774 3109 hircus
789 3071 865 3110 oves.

174 3129 252 3185 Rure
265 3147 335 3204 puer
347 3147 433 3185 verno
446 3128 570 3204 primum
584 3129 619 3186 de
633 3130 701 3186 flore
715 3148 847 3188 coronam

214 3207 291 3264 Fecit
305 3214 333 3263 et
347 3205 468 3280 antiquis
482 3206 618 3283 imposuit
632 3207 760 3265 Laribus.

175 3285 251 3342 Rure
265 3285 358 3351 etiam,
374 3285 476 3341 teneris
490 3304 585 3342 euram
599 3285 759 3343 exhibitura
770 3284 882 3362 puellis,
989 3315 992 3321 ·

213 3362 302 3419 Molle
315 3362 387 3438 gerit
400 3372 479 3438 tergo
492 3362 586 3420 lucida
597 3362 685 3420 vellus
699 3362 777 3432 oris;

175 3439 252 3498 Hinc
265 3449 293 3498 et
304 3440 442 3498 femineus
454 3440 532 3498 labor
546 3451 605 3498 est:
627 3440 694 3498 hinc
707 3459 794 3517 pensa
807 3440 951 3518 colusque.

214 3519 307 3577 Fusus
320 3525 349 3576 et
359 3518 487 3595 apposito
499 3518 598 3595 pollice
612 3529 704 3575 versat
718 3537 807 3595 opus;

948 3675 1005 3730 aa
