2534 4172
177 153 215 212 92
511 174 539 211 P.
562 175 671 213 ovrnrr
694 175 830 214 nasonis

216 305 374 384 Sentirique
387 325 494 363 moram
509 306 676 383 prohibent:
699 315 759 364 erat
772 306 866 364 alveus
879 307 936 366 illic

215 385 365 462 Fagineus,
381 404 465 442 curva
477 385 555 442 clavo
569 404 720 461 suspensus
734 386 769 442 ab
783 405 866 442 ansa:

215 461 246 521 Is
260 463 362 539 tepidis
375 463 508 539 impletur
521 464 601 539 aquis
612 483 619 518 t
641 473 774 539 artusque
787 463 921 521 fovendos

214 541 345 617 Accipit;
366 541 396 598 in
409 540 502 598 medio
516 549 594 598 torus
607 548 651 597 est
663 539 698 596 de
712 539 844 597 mollibus
858 542 930 598 ulvis

215 617 369 695 Impositus
382 619 463 686 lecto,
479 619 587 694 sponda
599 618 773 694 pedibusque
787 618 917 696 salignis:

213 696 347 754 Vestibus
361 697 437 754 hunc
449 697 551 764 velant,
566 715 636 772 quas
649 715 706 753 non
719 697 773 753 nisi
786 705 912 773 tempore
926 698 998 755 festo

215 773 343 832 Sternere
356 783 542 832 consuerant:
564 773 613 830 sed
627 783 654 830 et
668 773 730 831 haec
743 775 860 852 vilisque
873 783 1009 852 vetusque

214 852 308 910 Vestis
321 860 389 917 erat,
404 851 476 909 lecto
489 871 545 908 non
559 851 730 927 indignanda
742 851 859 928 saligno.

213 929 378 988 Accubuere
391 930 445 987 Dei
456 954 464 998 ;
485 948 610 986 mensam
625 929 751 986 succinta
763 939 941 1007 tremensque

214 1008 299 1067 Ponit
312 1027 399 1066 anast
420 1027 525 1065 mansee
539 1007 588 1064 sed
601 1015 660 1063 erat
673 1026 723 1083 pes
736 1008 835 1064 tertius
848 1008 956 1084 impar3

213 1085 299 1144 Testa
311 1105 406 1162 parem
420 1086 503 1143 fecit:
525 1105 589 1161 quae
602 1093 751 1162 postquam
766 1085 880 1143 subdita
892 1087 994 1144 clinum

215 1163 343 1232 Sustulit,
358 1172 498 1241 aequatam
512 1170 615 1220 mentae
629 1171 733 1220 tersere
745 1164 877 1220 virentes.

213 1242 332 1300 Ponitur
345 1241 392 1299 hic
404 1242 510 1298 bicolor
523 1241 638 1299 sincerae
653 1241 737 1297 bacca
751 1241 898 1308 Minervae,

213 1319 388 1397 Conditaque
400 1321 430 1378 in
443 1317 549 1396 liquida
561 1337 645 1374 corna
657 1318 830 1376 autumnalia
843 1318 922 1388 faece,

213 1398 380 1475 Intubaque,
395 1404 424 1454 et
436 1397 524 1460 radix.
539 1404 568 1452 et
580 1396 661 1453 lactis
675 1414 767 1452 masse
779 1397 878 1464 coacti,

213 1469 336 1553 Ovaque,
351 1495 407 1532 non
421 1475 477 1532 acri
489 1475 587 1531 leviter
598 1482 708 1530 versata
720 1473 831 1540 favilla;

212 1553 315 1612 Omnia
327 1554 459 1611 fictilibus
472 1575 479 1608 ε
500 1559 565 1628 post
578 1551 641 1608 haec
654 1551 767 1608 caelatus
781 1551 877 1608 eadem

213 1631 328 1689 Sistitur
341 1631 438 1708 argilla
451 1639 558 1688 crater:
579 1629 768 1706 fabricataque
780 1629 845 1706 fogo

216 1710 324 1778 Pocula,
339 1730 394 1786 qua
407 1727 473 1766 cava
486 1715 561 1774 sunt,
576 1707 742 1765 flaventibus
755 1707 826 1764 illita
839 1707 920 1765 ceris.

214 1787 301 1846 Parva
313 1807 392 1846 mora
404 1794 448 1844 est
461 1809 468 1842 :
490 1785 641 1864 epulasque
654 1785 710 1842 foci
722 1785 824 1842 misere
836 1785 978 1843 calentes:

210 1865 272 1924 Nec
284 1866 376 1942 longae
389 1884 488 1921 rursus
501 1863 661 1921 referuntur
672 1862 737 1928 vina
750 1873 890 1922 senectae:

211 1944 343 2020 Dantque
355 1944 447 2001 locum
461 1942 565 1999 mensis
579 1940 694 2017 paulum
709 1941 830 1998 secunda
844 1941 982 1999 secundis.

210 2022 268 2080 Hic
280 2041 348 2088 nux,
363 2021 410 2078 hic
422 2021 511 2078 mixta
524 2028 566 2077 est
580 2019 689 2096 rugosis
703 2019 792 2076 carica
804 2019 914 2096 palmis,

210 2100 358 2176 Prunaque
372 2108 400 2156 et
413 2099 443 2155 in
456 2098 560 2176 patulis
573 2098 727 2154 redolentia
740 2097 812 2154 mala
826 2097 962 2165 canistris,

209 2179 248 2236 Et
262 2177 296 2235 de
310 2177 457 2254 purpureis
472 2176 595 2234 collectae
608 2175 713 2233 vitibus
726 2194 805 2233 uvaer
928 2171 930 2175 ’

210 2255 353 2314 Candidus
366 2257 396 2312 in
409 2255 502 2313 medio
514 2254 595 2312 favus
609 2261 669 2312 est:
691 2273 775 2330 super
787 2255 881 2312 omnia
893 2253 988 2310 vultus

208 2335 359 2392 Accessere
372 2333 447 2401 boni,
461 2353 514 2391 nec
526 2333 600 2390 iners
613 2351 775 2409 pauperque
786 2332 927 2390 voluntas.

209 2414 321 2470 lnterea
329 2413 443 2489 quoties
456 2411 591 2470 haustum
605 2419 711 2468 cratera
723 2410 824 2488 repleri

209 2491 315 2568 Sponte
329 2509 453 2567 suaper
466 2508 550 2568 seque
564 2489 660 2546 vident
674 2507 845 2546 succrescere
860 2489 932 2556 vina,

208 2568 332 2627 Attoniti
345 2569 467 2626 novitate
481 2576 591 2644 pavent,
608 2567 793 2643 nranibnsque
807 2565 914 2640 supinis
959 2609 965 2622 ,

173 2668 182 2674 ·
209 2647 380 2722 Concipiunt
392 2647 550 2723 Baucisque
563 2663 659 2722 preces
672 2644 842 2720 timidusque
857 2644 1015 2702 Philemon.

208 2726 245 2782 Et
258 2726 367 2782 reniam
382 2723 507 2801 dapibus,
523 2724 661 2799 nullisque
674 2723 819 2800 paratibus
833 2730 922 2780 orant.

207 2803 315 2861 Unicus
329 2821 409 2860 anser
422 2810 491 2866 erat,
505 2802 630 2859 minimae
645 2801 772 2859 custodia
784 2801 866 2865 villae,

206 2881 300 2949 Quem
315 2880 367 2938 Dis
380 2880 538 2956 hospitibus
551 2880 658 2937 domini
671 2888 792 2936 mactare
806 2878 959 2958 parabant:

207 2960 261 3018 Ille
274 2960 347 3018 celer
360 2978 451 3035 penna
465 2959 559 3016 tardos
574 2965 657 3016 aetate
670 2956 779 3033 fatigat,

206 3037 359 3115 Eluditque
373 3037 440 3095 diu:
462 3036 630 3112 tandemque
643 3044 686 3092 est
699 3036 774 3091 visus
787 3034 822 3091 ad
836 3034 913 3111 ipsos

207 3115 374 3192 Confugisse
388 3115 473 3172 Deos.
515 3113 615 3190 Superi
628 3121 741 3170 vetuere
754 3113 863 3170 necari:

208 3193 328 3272 “Dique
342 3212 458 3250 sumus:
479 3193 648 3267 meritasque
661 3191 720 3247 luet
733 3190 834 3247 vicinia
845 3208 943 3265 poenas

206 3271 331 3350 Impia,”
347 3272 495 3329 dixerunt:
518 3269 624 3326 “robis
637 3268 816 3325 immunibus
828 3266 912 3344 hujus

206 3351 276 3408 Esse
289 3350 356 3407 mali
369 3349 495 3416 debitum
515 3347 599 3404 modo
612 3355 706 3405 vestra
717 3345 865 3421 relinquite
879 3353 971 3412 tecta3

206 3429 249 3486 Ac
262 3437 373 3486 nostros
387 3427 519 3484 comitate
531 3425 653 3502 padus:
676 3424 747 3482 etin
760 3423 847 3479 ardua
859 3423 964 3479 montis

205 3507 251 3565 Ite
265 3505 379 3568 simul.’'
421 3504 524 3562 Parent
537 3504 629 3569 ambo,
644 3501 806 3577 baculisque
819 3500 903 3557 levati

206 3583 347 3642 Nituntur
358 3582 444 3658 longo
457 3580 573 3656 vestigia
586 3597 689 3656 ponere
702 3579 784 3636 clivo.
