2486 4172
513 215 673 256 cucuma.
690 215 694 227 '

138 353 169 411 Si
182 351 284 429 conjux
298 349 440 427 periamve
454 356 503 406 tua
515 349 612 425 regina
624 349 676 406 snb
690 349 763 416 aula,

178 432 238 489 Dos
252 429 303 487 tibi
317 448 375 486 non
388 427 504 485 humilis
518 428 629 504 prodita
643 428 734 485 Roma
749 427 835 486 venit.

137 509 188 567 Sin
202 509 305 574 minus,
317 517 355 575 at,
370 513 459 582 raptae
472 525 507 562 ne
521 508 577 563 sint
589 506 705 582 impune
719 505 837 574 Sabinae,

177 587 227 644 Me
241 605 317 662 rape,
333 593 361 642 et
375 584 481 642 alterna
493 583 555 660 lege
568 584 690 660 repende
702 585 785 644 vices.

137 664 310 724 commissas
324 661 397 720 acies
410 681 462 738 ego
475 681 591 738 possum
605 662 711 719 solvere
723 684 731 719 r
752 667 860 739 nuptae,

175 743 234 800 Vos
247 741 371 798 medium
385 740 459 817 palla
471 740 564 798 foedus
577 740 646 797 inite
659 759 732 798 mec.
1044 742 1082 801 60

135 820 227 888 Adde,
244 820 409 897 Hymenaee,
424 818 541 875 modos:
563 818 676 875 tubicen
689 819 748 875 fera
760 836 906 876 murmura
919 818 1026 889 condc;

177 897 300 965 Credite,
314 906 407 954 vestra
420 915 499 953 meus
512 896 620 953 molliet
633 914 709 953 arma
723 903 812 954 torus.

135 977 175 1034 Et
184 975 244 1052 jam
259 984 359 1052 quarta
368 974 442 1032 canit
454 985 600 1031 venturam
614 974 731 1032 buccina
742 974 843 1042 lucem,

113 1040 128 1071 ⁸
175 1054 298 1130 Ipsaque
310 1053 340 1110 in
354 1053 497 1110 Oceanum
511 1052 601 1109 sidera
613 1050 693 1129 lapsa
704 1052 818 1110 eadunt.

136 1132 273 1208 Experiar
287 1149 435 1188 somnum:
456 1130 491 1187 de
505 1138 533 1187 te
547 1130 617 1186 mihi
631 1130 739 1188 somnia
752 1149 876 1206 quaeram
889 1152 896 1187 r
1043 1132 1079 1189 65

176 1210 232 1267 Fac
246 1208 340 1266 venias
354 1207 440 1264 oculis
454 1209 554 1265 umbre
567 1207 688 1283 benigna
701 1208 780 1266 meis.

137 1287 226 1356 Dixit,
242 1295 271 1344 et
283 1287 389 1343 incerto
403 1287 530 1361 permisit
540 1285 655 1343 brachia
668 1304 776 1354 somno,

176 1364 279 1422 Nescia
292 1382 321 1422 se
334 1364 414 1420 furiis
427 1364 589 1421 accubuisse
601 1363 690 1422 novis.

136 1442 213 1499 Nam
226 1442 323 1506 Vesta,
338 1441 432 1499 Iliacae
445 1442 512 1499 felix
525 1441 614 1499 tutela
626 1441 737 1510 favillae,

176 1521 300 1596 Culpam
314 1520 372 1587 elit,
384 1529 413 1576 et
426 1520 519 1595 plures
533 1519 628 1577 condit
640 1519 670 1576 in
683 1539 747 1577 ossa
759 1520 843 1578 faoos.
1043 1523 1081 1578 70

136 1598 192 1656 Illa
204 1598 270 1665 ruit,
285 1597 374 1674 qualis
387 1598 503 1655 celerem
517 1616 603 1674 prope
616 1597 827 1657 Thermodonta

176 1675 335 1752 Strymonis
347 1674 470 1733 abscisso
484 1675 573 1732 fertur
585 1684 682 1752 aperta
694 1677 767 1734 sinu.

137 1754 209 1811 Urbi
222 1753 310 1812 festus
324 1761 402 1810 erata
429 1754 524 1810 dixere
537 1753 635 1810 Palilia
648 1763 761 1830 patres;

176 1831 233 1889 Hic
246 1833 355 1908 primus
367 1831 453 1908 coepit
466 1831 606 1889 moenibus
619 1851 679 1889 csse
692 1832 761 1890 dies.

137 1909 241 1967 Annua
253 1919 398 1986 pastorum
413 1910 546 1976 convivia,
561 1909 640 1966 lusus
652 1909 682 1966 in
694 1910 773 1977 urbe,

176 1987 271 2054 Quum
286 2006 393 2062 pagana
406 1987 520 2044 madent
532 1987 637 2044 fercula
649 1987 771 2055 deliciis;

137 2065 287 2142 Quumque
301 2083 385 2141 super
397 2085 474 2122 raros
488 2066 556 2123 foeni
569 2065 738 2136 flammantia
752 2084 864 2123 acervos

175 2143 291 2220 Trajicit
303 2143 464 2200 immundos
477 2143 554 2200 ebria
566 2144 649 2201 turba
661 2143 757 2220 pedes.

137 2221 276 2278 Romulus
289 2220 418 2278 excubias
437 2221 558 2278 decrevit
570 2221 600 2278 in
613 2221 670 2279 otia
683 2222 762 2287 solvi,

176 2299 270 2374 Atque
282 2298 440 2356 intermissa
452 2307 544 2356 castre
556 2295 637 2356 silere
649 2299 728 2356 tuba.
1042 2302 1078 2357 80

136 2377 201 2434 Hoc
214 2376 333 2452 Tarpeia
346 2395 428 2434 suurn
443 2392 555 2453 tempus
568 2386 637 2445 rata,
652 2377 783 2435 convenit
795 2376 921 2445 hostem
1022 2445 1026 2454 Ι

176 2455 263 2512 Pacta
275 2454 352 2530 ligat,
366 2455 456 2531 pactis
468 2455 532 2531 ipsa
543 2455 639 2512 sutura
652 2474 756 2514 comes.

137 2532 224 2589 Mons
238 2539 296 2589 erat
309 2551 425 2590 ascensu
439 2533 550 2601 dubins,
566 2533 693 2609 festoque
705 2532 849 2592 remissus.

175 2609 237 2667 Nec
250 2629 337 2678 mora,
351 2610 459 2667 vocales
472 2619 589 2687 occupat
602 2629 667 2673 cnse
679 2629 772 2668 canes.

137 2687 241 2745 Omnia
253 2687 417 2764 praebebant
430 2707 560 2746 somnos:
583 2691 631 2745 sed
645 2688 758 2767 Jupiter
771 2707 844 2746 nnus
1041 2689 1078 2746 85

176 2765 306 2822 Decrevit
319 2766 409 2842 poenis
422 2766 566 2843 invigilare
580 2767 647 2824 suis.

137 2842 303 2900 Prodiderat
315 2852 462 2920 portaeque
475 2845 560 2902 fidem
574 2845 750 2922 patriamque
760 2845 909 2923 jacentem,

176 2921 365 2998 Nubendiqne
378 2923 459 2998 petit,
474 2942 556 2998 quem
571 2923 637 2980 velit
649 2923 718 2999 ipsa,
734 2923 818 2982 diem.

136 2998 177 3055 At
190 2998 289 3056 Tatius
304 3001 407 3077 (neque
421 3001 495 3057 enirn
509 2999 605 3058 sceleri
619 3000 697 3058 dedit
709 3001 800 3060 hostie
813 3001 961 3073 honorem)

177 3075 271 3142 Nube,
286 3077 334 3145 ait,
349 3086 378 3135 et
391 3078 470 3155 regni
483 3078 583 3136 scande
596 3079 687 3136 cubile
700 3079 766 3138 mei.
1042 3078 1081 3138 90

137 3153 226 3222 Dixit,
242 3162 269 3212 et
282 3155 399 3232 ingestis
413 3156 546 3213 comitum
560 3158 736 3233 superobruit
749 3157 844 3215 armis.

177 3232 259 3301 Haec,
273 3232 361 3310 virgo,
376 3232 475 3292 officiis
490 3235 542 3292 dos
555 3241 615 3292 erat
628 3243 695 3312 apta
707 3234 773 3292 tuis.

136 3309 165 3367 A
178 3311 248 3368 duce
261 3311 381 3388 Tarpeio
394 3330 476 3369 mons
489 3320 531 3370 est
545 3331 699 3389 cognomen
712 3311 842 3389 adeptus.

177 3388 204 3446 Ο
218 3388 292 3466 vigil,
307 3388 421 3470 injustae
435 3390 551 3467 praemia
564 3391 648 3449 sortia
662 3389 762 3450 habes.
