2486 4172
284 213 375 254 saxa.
390 213 466 254 aua.
482 213 658 254 eaoeaarrr
676 213 835 255 caunum.
1014 199 1052 256 49

93 349 173 406 Non
185 347 252 405 haec
264 346 398 423 Calliope,
413 365 471 404 non
481 346 543 404 haec
557 345 627 402 mihi
640 353 734 404 cantat
747 346 868 424 Apolloa

141 424 296 502 Ingenium
309 425 390 482 nobis
402 424 464 500 ipsa
477 423 571 501 puella
583 424 660 481 facit.

96 505 168 562 Sive
181 504 261 561 illam
275 502 342 560 Cois
352 503 505 578 fulgentem
518 502 645 559 incedere
660 501 758 571 coccis,

143 583 210 640 Hoc
224 588 317 638 totum
332 600 346 637 e
361 581 420 638 Coa
432 588 509 637 veste
523 580 652 637 volumen
669 580 738 638 erite

97 660 161 718 Seu
173 658 234 716 vidi
247 658 283 716 ad
295 657 416 716 frontem
431 676 542 734 sparsos
556 677 646 715 errare
658 658 784 734 capillos,

144 737 260 795 Gaudet
273 736 393 794 laudatis
406 737 446 792 ire
461 737 581 812 superba
594 736 698 794 comis:

97 816 169 872 Sive
182 815 251 892 lyrae
265 833 377 872 carmen
390 813 484 890 digitis
497 813 634 890 percussit
647 813 769 881 eburnis,

144 893 298 960 Miramur,
313 891 407 950 faciles
420 901 452 948 ut
465 899 574 968 premat
586 900 646 948 arte
660 911 776 948 manus:

97 971 163 1028 Seu
177 990 266 1047 quum
280 977 425 1046 poscentes
440 989 569 1026 somnum
583 969 704 1026 declinat
717 969 828 1038 ocellos,

145 1048 264 1105 Invenio
278 1067 375 1104 causas
389 1047 463 1104 mille
478 1058 561 1124 poeta
574 1067 668 1104 novas.

98 1126 162 1183 Seu
176 1125 315 1203 quidquid
326 1125 400 1192 fecit,
417 1127 474 1182 sive
489 1132 532 1183 est
546 1124 731 1202 quodcunque
744 1123 844 1194 locuta,

144 1203 275 1260 Maxima
288 1203 323 1260 de
336 1203 424 1260 nihilo
436 1203 560 1260 nascitur
573 1202 698 1259 historia.

99 1281 192 1348 Quod
206 1281 276 1338 mihi
289 1281 312 1337 si
326 1288 445 1348 tantum,
460 1283 611 1348 Maecenas,
626 1280 684 1337 fata
697 1280 847 1348 dedissent,
1017 1285 1050 1338 15

145 1359 188 1416 Ut
200 1377 312 1435 possem
326 1359 425 1417 heroas
440 1358 541 1416 ducere
555 1359 583 1415 in
596 1378 673 1415 arma
685 1378 803 1416 manus:

100 1437 173 1494 Non
184 1455 237 1512 ego
250 1436 365 1494 Titanas
378 1456 513 1503 canerem,
528 1455 585 1493 non
598 1436 691 1493 Ossan
705 1436 828 1513 Olympo

145 1514 327 1590 Impositum,
342 1523 375 1570 ut
387 1515 451 1572 coeli
465 1514 561 1571 Pelion
576 1522 650 1570 esset
664 1514 734 1570 iter:

101 1593 173 1650 Non
186 1599 294 1648 veteres
307 1592 427 1660 Thebas,
442 1611 493 1649 nec
507 1591 651 1667 Pergama,
666 1611 767 1649 nomen
782 1591 908 1660 Homeri,

144 1669 249 1726 Xerxis
262 1678 290 1726 et
302 1669 419 1746 imperio
433 1670 498 1727 bina
511 1670 600 1726 coisse
610 1669 697 1726 vada:
1013 1674 1049 1729 20

101 1749 238 1824 Regnare
252 1747 342 1824 prima
356 1747 447 1815 Remi,
462 1756 511 1804 aut
524 1748 631 1804 animos
645 1746 824 1823 Carthaginis
838 1749 911 1816 altae,

144 1825 378 1902 Cimbrorumque
392 1825 490 1892 minas,
505 1832 534 1882 et
547 1825 691 1882 benefacta
705 1824 798 1882 Mari:

102 1903 249 1978 Bellaque,
264 1922 362 1980 resque
376 1903 419 1960 tui
431 1921 614 1960 memorarem
629 1903 758 1972 Caesaris,
771 1910 799 1959 et
812 1909 845 1960 tu

144 1980 255 2037 Caesare
269 1981 321 2038 sub
335 2000 436 2057 magno
450 1999 516 2038 cura
530 1981 652 2038 secunda
665 1981 748 2039 fores.

102 2059 181 2116 Nam
190 2057 299 2134 quoties
313 2059 456 2116 Mutinam
470 2068 527 2128 aut,
543 2059 633 2116 civilia
645 2059 738 2126 busta,
754 2058 910 2136 Philippos,
1010 2063 1045 2118 25

143 2135 204 2192 Aut
218 2155 345 2194 canerem
359 2136 460 2194 Siculae
474 2136 588 2194 classica
601 2135 674 2193 bella
687 2136 779 2212 fugae:

103 2213 281 2289 Eversosque
294 2213 371 2271 focos
385 2214 507 2290 antiquae
521 2215 612 2290 gentis
626 2215 763 2283 Etruscae,

144 2291 182 2347 Et
197 2291 360 2348 Ptolemaeei
372 2290 453 2348 litora
466 2301 548 2368 capta
561 2292 663 2348 Phari:

102 2370 164 2424 Aut
179 2388 305 2425 canerem
321 2369 447 2445 Cyprum
458 2379 486 2424 et
500 2370 607 2436 Nilum,
619 2389 705 2446 quum
719 2375 826 2428 tractus
839 2369 869 2426 in
882 2369 980 2428 urbem

145 2445 258 2521 Septem
273 2447 390 2522 captivis
403 2446 503 2504 debilis
515 2447 574 2504 ibat
587 2448 684 2524 aquis:
1009 2451 1047 2506 30
1131 2449 1139 2464 “

103 2524 164 2579 Aut
177 2543 275 2599 regum
289 2524 394 2581 auratis
408 2524 579 2581 circumdata
592 2525 662 2582 colla
676 2524 791 2594 catenis,

143 2600 280 2676 Actiaque
293 2600 323 2658 in
338 2601 421 2658 Sacra
434 2621 543 2659 currere
556 2611 647 2658 rostra
659 2603 720 2659 via:

100 2679 127 2734 T
129 2697 143 2734 e
157 2697 221 2734 mea
234 2677 320 2735 Musa
332 2678 387 2734 illis
402 2698 512 2756 semper
525 2689 684 2736 contexeret
698 2679 791 2749 armis,
881 2717 885 2724 ·

142 2755 182 2812 Et
195 2763 309 2830 sumpta
322 2764 350 2812 et
363 2758 454 2833 posita
469 2777 536 2833 pace
547 2757 628 2815 fidele
642 2765 737 2833 caput.

100 2833 231 2890 Theseus
243 2832 367 2904 infernis,
382 2835 489 2910 superis
503 2842 622 2892 testatur
634 2834 767 2905 Achilles,
1009 2840 1045 2895 35

142 2909 201 2966 Hic
215 2910 371 2978 Ixioniden,
386 2911 431 2968 ille
446 2912 647 2971 Menoetiaden.

101 2987 158 3046 Sed
173 3007 263 3064 neque
277 2988 440 3065 Phlegraeos
454 2989 542 3058 lovis,
558 2991 744 3068 Enceladique
754 2991 893 3050 tumultus

142 3066 257 3122 Intonet
271 3075 390 3142 angusto
401 3077 519 3145 pectore
528 3068 716 3126 Callimachus
726 3091 734 3126 a

101 3144 164 3201 Nec
178 3161 241 3201 mea
254 3147 423 3201 conveniunt
436 3145 506 3202 duro
519 3146 674 3222 praecordia
687 3165 769 3204 versu

141 3221 263 3278 Caesaris
276 3221 306 3278 in
320 3222 458 3299 Phrygios
471 3223 589 3281 condere
601 3243 703 3283 nornen
716 3245 793 3283 avos.
1006 3229 1046 3284 40

102 3299 206 3356 Navita
219 3298 254 3356 de
267 3299 367 3367 ventis,
383 3299 417 3356 de
427 3301 513 3357 tauris
526 3309 621 3360 narrat
634 3310 734 3370 arator,

140 3377 295 3434 Enunrerat
308 3378 388 3456 rqiles
402 3378 524 3446 vulnera,
539 3386 635 3455 pastor
648 3398 722 3436 oves.

102 3455 163 3512 Nos
177 3462 282 3522 contra,
294 3464 414 3532 angusto
428 3465 569 3514 versantes
580 3457 679 3533 patalia
691 3457 771 3524 lecto,

139 3532 204 3602 Qua
216 3541 282 3612 pote
296 3535 424 3612 quisque,
439 3533 466 3590 in
482 3553 513 3591 ea
527 3542 651 3593 conterat
665 3541 724 3592 arte
737 3534 821 3594 diem.
