2486 4172
169 189 207 248 62
442 206 536 247 suxrr
554 201 692 248 suasuri
714 205 891 247 rsoranrn

181 343 248 471 V
285 351 314 454 6
556 414 706 472 ELEGIA
726 414 766 472 X.
780 406 802 482 ἰ

207 568 291 626 Sacra
303 567 370 625 facit
383 573 470 636 rates,
485 567 542 625 sint
556 587 604 625 ora
617 566 739 624 faventia
751 566 847 636 sacris,

245 647 283 704 Et
297 646 378 704 cadat
391 654 456 704 ante
469 664 547 704 meos
559 647 616 703 icta
626 645 746 722 juvenca
759 645 847 706 socos.

206 724 286 782 Serta
300 725 443 782 Philetaeis
457 733 564 782 certent
578 725 706 782 Romana
719 723 872 801 corymbis

244 802 282 860 Et
295 803 448 880 Cyrenaeas
461 822 533 860 urna
545 803 686 860 ministret
700 821 795 876 aquas.

205 882 323 939 Costum
338 881 421 939 molle
435 881 508 948 dats,
523 889 552 938 et
565 880 661 938 blandi
674 880 745 938 mihi
758 880 830 938 turis
842 881 972 952 honores,

243 961 353 1036 Terque
367 960 461 1017 focum
475 960 547 1017 circa
560 959 657 1017 laneus
671 959 746 1016 orbis
761 967 815 1016 eat.

205 1038 334 1114 Spargite
347 1057 392 1095 me
405 1039 538 1114 lymphis,
553 1055 720 1114 carmenque
729 1037 887 1096 recentibus
900 1038 956 1095 aris

243 1116 325 1173 Tibia
338 1116 501 1192 Mygdoniis
514 1116 583 1173 libet
596 1116 702 1173 eburna
715 1115 802 1173 cadis.

204 1194 250 1251 Ite
263 1195 360 1269 procul
374 1194 504 1252 fraudes:
526 1195 580 1252 alio
594 1194 651 1252 sint
664 1201 728 1251 aere
741 1213 839 1251 noxae:

244 1272 319 1330 Pura
331 1292 435 1330 novum
452 1273 510 1330 vati
521 1273 616 1330 laurea
628 1272 719 1329 mollit
731 1273 794 1329 iter.

204 1349 298 1418 Musa,
314 1351 434 1408 Palatini
446 1370 602 1408 reseramus
615 1350 755 1427 Apollinis
769 1350 876 1408 aedem:

243 1429 300 1486 Res
314 1437 365 1496 cst,
381 1429 515 1506 Calliope,
531 1429 616 1505 digna
628 1429 722 1486 favore
736 1436 794 1486 tuo.

204 1506 324 1564 Caesaris
337 1507 367 1564 in
380 1527 482 1565 nomen
497 1508 638 1565 ducuntur
652 1507 791 1565 carmina:
814 1508 910 1566 Caesar

242 1587 316 1642 Dum
331 1587 449 1653 canitur,
464 1605 569 1663 quaeso,
583 1585 705 1662 Jupiter,
718 1585 779 1662 ipse
791 1605 883 1644 vaces.

202 1662 256 1720 Est
269 1664 371 1721 Phoebi
384 1665 494 1741 fugiens
507 1664 670 1722 Athamana
683 1663 719 1721 ad
732 1663 815 1721 litora
828 1671 936 1740 portus,

244 1743 321 1812 (Qua
333 1743 411 1802 sinus
425 1743 512 1800 Ionias
525 1761 671 1800 murmura
684 1741 779 1800 condit
792 1741 884 1818 aquae)

202 1818 286 1877 Actia
300 1820 398 1879 ltilaeae
412 1822 529 1898 pelagus
542 1829 725 1878 monumenta
738 1820 851 1889 carinas,

243 1899 402 1956 Nautarum
414 1901 488 1958 votis
501 1918 558 1956 non
571 1917 688 1975 operosa
701 1899 756 1956 via.

204 1975 270 2032 Huc
284 1977 381 2033 mundi
395 1977 483 2035 coiere
496 1996 613 2034 manus:
635 1977 714 2034 stetit
728 1996 839 2053 aequore
851 1976 938 2034 moles

242 2054 337 2122 Pinea,
352 2075 402 2112 nec
415 2057 499 2113 remis
512 2075 592 2132 aequa
603 2055 714 2126 favebat
727 2057 795 2112 avis.

202 2131 301 2190 Altera
314 2134 410 2191 classis
425 2143 483 2190 erat
496 2135 605 2191 Teucro
618 2133 750 2191 damnata
763 2133 890 2201 Quirino,

242 2210 357 2288 Pilaque
369 2212 490 2269 feminea
502 2212 622 2286 turpiter
635 2218 698 2268 acta
710 2231 804 2269 manu.

203 2288 280 2346 Hinc
292 2290 423 2366 Augusta
436 2291 504 2347 ratis
518 2291 607 2366 plenis
622 2289 700 2348 Jovis
714 2290 806 2347 oraine
819 2290 896 2359 velis,

242 2367 381 2445 Signaque
391 2368 450 2444 jam
465 2369 564 2444 patrias
576 2368 686 2425 vincere
699 2367 782 2424 docta
795 2387 863 2426 susa.

202 2445 328 2502 Tandem
343 2447 415 2504 acies
428 2450 554 2522 geminos
569 2446 677 2502 Nereus
690 2446 801 2502 lunarat
813 2445 843 2503 in
856 2465 955 2504 arcus:

241 2523 394 2581 Armorum
408 2525 493 2582 radiis
506 2525 582 2601 picta
594 2524 732 2581 tremebat
745 2543 833 2600 aqua;

204 2601 299 2668 Quum
314 2602 438 2660 Phoebus
451 2603 579 2680 linquens
593 2609 714 2659 stantem
729 2621 758 2658 se
772 2602 880 2661 vindice
893 2601 994 2670 Delon,

243 2680 285 2750 (N
287 2700 332 2737 am
347 2682 412 2738 tulit
424 2681 510 2738 iratos
523 2681 635 2738 mobilis
649 2699 705 2736 una
718 2679 821 2751 Notos)

202 2758 322 2815 Adstitit
335 2759 460 2836 Augusti
472 2778 596 2835 puppem
610 2777 703 2833 super,
718 2765 746 2814 et
759 2777 831 2815 nova
844 2758 956 2816 flamma

242 2837 329 2893 Luxit
342 2837 372 2894 in
385 2837 526 2913 obliquam
540 2844 584 2894 ter
597 2837 708 2893 sinuata
720 2836 818 2894 facem.

203 2914 270 2971 Non
282 2915 329 2972 ille
341 2915 475 2972 attulerat
487 2915 577 2974 crines
590 2915 619 2972 in
633 2914 704 2972 colla
717 2915 831 2983 solutos,

241 2993 301 3049 Aut
314 2993 481 3051 testudineae
494 3011 605 3050 carmen
618 2993 724 3049 inerme
735 2993 821 3069 lyrae:

133 3071 134 3074 ’
204 3069 258 3128 Sed
273 3073 347 3146 quali
362 3072 491 3148 adspexit
504 3071 654 3146 Pelopeum
670 3071 882 3147 Agamemnona
894 3071 984 3140 vultu,

242 3149 409 3226 Egessitque
421 3150 509 3207 avidis
523 3149 626 3206 Dorica
638 3157 729 3206 castra
742 3149 834 3226 rogis:

202 3226 263 3284 Aut
276 3228 366 3304 qualis
379 3229 467 3286 flexos
482 3228 564 3284 solvit
578 3227 710 3304 Pythona
722 3247 773 3304 per
785 3227 868 3284 orbes

242 3305 414 3380 Serpentem,
429 3306 556 3364 imbelles
569 3325 652 3382 quem
666 3306 785 3363 timuere
798 3305 877 3382 lyrae.

203 3383 274 3440 Mox
288 3385 337 3450 ait,
354 3385 409 3443 “O
420 3385 505 3460 longa
519 3384 618 3442 mundi
631 3395 756 3442 servator
769 3384 805 3441 ab
818 3383 901 3451 Alba,

217 3493 221 3500 ·
241 3461 380 3538 Auguste,
396 3464 544 3521 Hectoreis
558 3463 669 3538 cognite
682 3461 771 3538 major
784 3464 852 3528 avis,

202 3538 290 3596 Vince
305 3542 393 3597 mari:
412 3542 470 3617 jam
485 3550 560 3598 terra
572 3548 622 3596 tua
636 3549 695 3596 est:
717 3540 769 3596 tibi
782 3539 884 3596 militat
897 3557 986 3608 arcus,

242 3617 281 3674 Et
294 3618 369 3675 favet
382 3636 417 3675 ex
431 3618 554 3674 humeris
568 3618 622 3674 hoc
636 3635 707 3674 onus
721 3636 803 3674 omne
816 3617 897 3676 meis.
