2534 4172
166 171 220 228 104
498 188 525 227 r.
549 188 659 228 ovrnn
682 188 819 228 nusours

201 317 289 376 Hunc
300 316 416 376 titulum
429 318 537 377 meritis
547 320 723 396 pensandum
737 319 846 378 reddite
859 320 974 381 nostris.

202 397 268 454 Jam
281 397 361 455 labor
373 397 403 454 in
416 398 473 455 fine
486 407 529 456 est
540 422 546 466 ;
570 398 713 456 obstantia
725 399 785 456 fata
798 399 903 456 removi
915 423 923 468 3

200 475 323 554 Altaque
336 495 419 552 posse
429 477 491 553 capi
505 477 632 536 faciendo
646 477 783 554 Pergama
796 477 868 555 cepi.

200 554 257 612 Per
270 573 336 632 spes
349 573 425 612 nunc
439 556 537 623 socias,
552 575 706 633 casuraque
717 555 823 614 moenia
835 557 952 626 Troum
1097 561 1159 618 375

201 635 309 710 Perque
323 631 390 690 deos
403 652 462 701 oro,
477 653 548 710 quos
563 633 638 692 hosti
652 653 742 712 nuper
756 634 849 692 ademi
861 660 869 703 ;

201 711 291 770 Persi
305 709 373 789 quid
387 723 522 788 superest,
538 712 613 789 quod
628 712 665 771 sit
678 713 818 788 sapienter
830 713 991 791 agendum3

202 791 231 847 Si
245 789 314 866 quid
326 789 420 848 adhuc
433 791 534 858 audax,
549 810 584 848 ex
597 791 791 882 praecipitique
804 791 958 869 petendum
969 816 978 862 ς

202 869 231 925 Si
245 869 337 946 'l'rojae
350 868 416 926 fatis
429 868 535 947 aliquid
548 878 652 928 restare
687 879 793 938 utatrs;

201 949 268 1004 Este
281 949 338 1005 mei
353 966 508 1005 memores:
529 956 579 1006 sut
593 947 617 1005 si
630 889 771 1006 milium
785 948 859 1007 datis
872 967 959 1017 arma,
1090 953 1157 1012 38⁰
1259 990 1260 1032 q

201 1026 278 1084 Huic
292 1025 356 1084 date
368 1026 397 1083 :''
419 1034 446 1084 et
460 1025 584 1084 ostendit
597 1026 709 1104 signum
723 1027 809 1086 fatale
822 1027 971 1084 Minervae.
1259 1033 1260 1106 l

240 1103 323 1161 Mota
335 1124 436 1162 manus
449 1123 597 1180 procerum
612 1112 665 1173 est,
680 1111 718 1174 et,
733 1105 803 1182 quid
816 1105 1070 1182 facundiuposset,
1259 1109 1260 1142 l

201 1183 243 1240 Re
257 1183 349 1258 patuit
361 1205 369 1239 ι
390 1183 526 1260 fortisque
538 1182 591 1240 viri
604 1184 672 1241 tulit
684 1203 762 1242 arma
775 1183 906 1242 disertus.

201 1262 326 1318 Hectora
338 1261 387 1338 qui
400 1261 487 1329 solus,
502 1261 551 1339 qui
563 1261 668 1320 ferrum
682 1262 841 1340 ignemque,
856 1262 876 1321 J
877 1280 1013 1340 ovemque
1260 1262 1261 1312 l

201 1339 343 1397 Sustinuit
356 1340 447 1407 toties,
462 1358 549 1397 unam
563 1359 620 1398 non
634 1341 755 1398 sustinet
769 1341 858 1408 iram;
1090 1344 1151 1400 385
1260 1409 1261 1414 ἵ

200 1418 397 1496 Invictumque
410 1419 502 1476 virum
515 1419 602 1476 vincit
616 1419 715 1477 dolor:
737 1421 836 1497 arripit
850 1437 965 1487 ensem3

199 1497 246 1564 Et,
264 1505 283 1529 “
292 1498 376 1554 Meus
389 1496 437 1554 hic
450 1504 526 1555 certe
539 1505 582 1555 est
594 1519 602 1554 r
623 1517 660 1555 an
673 1506 701 1555 et
714 1497 792 1555 hunc
805 1497 860 1555 sibi
874 1505 971 1575 poscet
984 1495 1111 1556 Ulixes?
1261 1534 1262 1584 q

201 1576 293 1644 Hoc,''
309 1575 358 1644 ait,
375 1574 543 1633 “utendum
557 1576 642 1633 estin
657 1596 703 1634 me
716 1575 808 1634 mihis
830 1575 934 1653 quique
947 1594 1046 1634 cruore
1261 1593 1262 1602 ¹

200 1654 282 1732 Saepe
295 1654 441 1731 Phrygum
456 1653 573 1722 maduit,
588 1654 696 1712 domini
710 1674 785 1712 nunc
797 1654 873 1712 caede
886 1653 1010 1712 madebit
1021 1679 1030 1723 ;
1107 1700 1109 1708 ,

200 1733 244 1790 Ne
258 1733 406 1810 quisquam
418 1732 534 1810 Ajacem
548 1733 638 1809 possit
653 1751 793 1810 superare,
808 1732 864 1790 nisi
877 1731 982 1809 Ajax.’'
1090 1737 1151 1794 390

200 1811 288 1879 Dixit,
303 1811 375 1869 etin
388 1820 496 1888 pectus,
511 1819 573 1868 tum
588 1810 703 1868 demum
716 1810 830 1868 vulnere
843 1829 968 1888 passum,
1262 1806 1263 1884 l

200 1891 263 1958 Qua
276 1891 370 1967 patuit
382 1889 466 1958 ferro,
480 1889 592 1948 letalem
607 1889 734 1948 condidit
747 1908 855 1948 ensem.

188 2300 206 2348 Ε
224 2297 332 2348 LIBRIS
350 2299 377 2348 P.
395 2297 503 2348 OVIDII
521 2297 663 2348 NASONIS
681 2297 741 2358 QUI
759 2297 1006 2348 INSCRIBUNTUR
1021 2299 1124 2352 insu.
1186 2375 1187 2378 Ἴ

246 2487 300 2548 DE
320 2486 415 2547 JANI
436 2486 624 2547 BICIPITIS
645 2485 820 2546 ORIGINE
841 2485 892 2544 ET
912 2485 1060 2547 CULTU.

384 2615 424 2682 [P.
435 2615 515 2666 Ovidii
527 2616 629 2665 Neronis
641 2617 764 2664 Fastorum
775 2616 791 2662 ‘a
804 2615 922 2678 89-2844

198 2733 292 2802 Quem
306 2740 402 2790 tamen
416 2750 477 2789 esse
491 2731 576 2788 deum
590 2738 619 2788 te
633 2729 735 2798 dicam,
751 2729 823 2788 June
837 2726 989 2787 biformis?

239 2809 314 2868 Nam
329 2811 381 2868 tibi
394 2829 446 2887 par
458 2809 569 2867 nullum
583 2808 695 2868 Groecia
708 2828 813 2866 numen
826 2807 923 2867 habet.

198 2888 260 2946 Ede
274 2889 360 2947 simul
374 2907 496 2956 causam,
511 2907 560 2946 cur
574 2885 609 2945 de
623 2887 785 2964 coelestibns
801 2905 883 2956 unus,

239 2967 337 3046 Sitque
350 2968 457 3045 quoda
470 2975 559 3040 tergo,
573 2966 664 3044 sitque
679 2965 755 3044 quod
767 2975 842 3034 ante,
857 2965 945 3023 vides.

199 3047 273 3106 Haec
287 3067 340 3124 ego
353 3066 418 3104 cum
432 3045 554 3122 sumptis
568 3045 704 3121 agitarem
717 3053 812 3102 mente
826 3043 946 3113 tabellis,
1131 3049 1150 3104 5

238 3125 371 3184 Lucidior
383 3125 443 3182 visa
456 3133 507 3193 est,
522 3143 606 3201 quarn
620 3121 675 3180 suit
689 3132 763 3191 ante,
778 3123 890 3180 domus.

199 3204 273 3262 Tum
288 3223 375 3274 sacer,
390 3203 505 3279 ancipiti
519 3201 663 3259 mnundus
676 3201 808 3278 imagine,
821 3201 912 3260 Janus

238 3283 311 3342 Bina
323 3301 425 3361 repens
438 3280 528 3340 oculis
541 3280 645 3338 obtulit
658 3299 707 3337 cra
720 3280 799 3338 meis.

198 3361 353 3440 Obstupui,
369 3361 499 3437 sensique
513 3367 591 3417 metu
606 3358 724 3436 riguisse
737 3358 864 3435 capillos,

238 3443 275 3500 Et
289 3441 413 3519 gelidum
428 3439 522 3497 subito
531 3438 635 3572 frigore
649 3444 747 3514 pectus
761 3451 831 3495 erut.
1117 3441 1153 3498 10

202 3521 264 3588 Ille,
278 3528 378 3578 tenens
391 3519 490 3576 dextra
503 3517 575 3575 bacu
587 3535 634 3572 um
648 3517 810 3592 clavemque
824 3514 947 3585 sinistra,

238 3597 336 3656 Edidit
349 3595 403 3653 hos
416 3594 498 3652 nobis
511 3613 559 3652 ore
572 3593 665 3670 priore
679 3611 782 3650 sonos:
