2486 4172
513 183 673 224 GARHIM·

479 439 630 500 annom
649 439 745 536 rut

94 595 178 663 Quis
194 593 279 664 fuit,
292 594 451 654 horrendos
464 595 573 675 primns
587 595 635 674 qui
648 595 767 673 protulit
780 593 882 654 enses?

141 675 260 742 Quam
274 674 356 732 ferus
370 683 399 732 et
412 694 476 732 vere
490 674 596 732 ferreus
610 675 656 732 ille
670 675 741 732 fuit!

94 751 192 810 'l'unc
210 753 322 811 caedes
335 752 484 810 hominum
499 753 602 830 generi,
617 763 684 812 tune
698 752 797 830 proelia
810 760 886 822 nata,

139 833 244 889 Tunc
261 831 377 890 brevior
388 831 458 890 dirae
471 832 569 890 mortis
580 841 677 909 aperta
689 832 734 889 ria
747 840 800 890 est.

95 909 145 967 At
156 911 252 967 nihil
268 910 317 968 ille
326 910 412 968 miser
424 910 544 968 meruit:
566 930 617 969 nos
630 909 666 968 ad
680 909 752 967 mala
765 917 863 968 nostra

142 988 329 1057 vertimus,
344 990 373 1045 in
388 1008 477 1046 saevas
491 988 567 1066 quod
581 989 658 1046 dedit
671 989 718 1046 ille
731 988 814 1046 seras.
830 993 833 1002 ⁴

97 1065 231 1124 Divitis
249 1067 309 1124 hoc
322 1067 421 1124 vitium
435 1075 478 1125 est
492 1066 572 1135 anri3
593 1086 645 1125 nec
659 1067 732 1124 bella
744 1067 868 1136 fuerunt,

148 1145 300 1222 Faginus
313 1145 443 1202 adstabat
457 1165 544 1224 quum
559 1147 683 1223 scyphus
697 1154 761 1203 ante
775 1145 880 1222 dapes;

100 1223 188 1280 Non
205 1243 303 1292 arces,
318 1243 375 1281 non
389 1224 479 1281 vallus
492 1233 560 1292 erat,
576 1243 761 1301 somnumque
775 1223 888 1301 petebat

153 1301 296 1360 Securus
307 1303 397 1359 varias
411 1303 469 1360 dux
478 1302 571 1380 gregis
583 1303 657 1360 inter
670 1321 744 1360 oves.

105 1379 210 1438 Tunc
226 1380 301 1437 mihi
315 1381 372 1437 vita
384 1380 468 1450 foret,
481 1381 557 1458 vulgi
570 1401 622 1440 nec
635 1379 727 1438 tristia
739 1399 850 1439 nossem

157 1458 272 1525 Arma,
288 1478 339 1516 nec
353 1459 493 1517 audissem
507 1459 590 1518 corde
604 1459 724 1518 micante
737 1460 846 1517 tubam.

107 1536 220 1594 Nunc
234 1537 271 1593 ad
284 1536 357 1595 bella
370 1538 476 1606 trahor,
491 1536 588 1616 etjam
603 1540 665 1616 quis
675 1537 792 1596 forsitan
806 1535 897 1596 hostis

161 1615 300 1674 Haesura
312 1615 342 1672 in
355 1625 452 1676 nostro
467 1617 522 1674 tela
535 1617 608 1694 gerit
622 1618 718 1675 latere.
756 1619 759 1626 ’
869 1653 871 1658 ,

114 1693 186 1752 Sed
202 1693 288 1771 patrii
301 1692 527 1764 servate'Lares;
549 1695 658 1753 aluistis
672 1705 700 1753 et
712 1693 798 1764 idem,

166 1773 324 1830 Cursarem
338 1781 445 1830 vestros
459 1793 546 1851 quum
560 1782 638 1831 tener
651 1781 715 1832 ante
729 1773 834 1850 pedes;

117 1851 201 1908 Neu
213 1851 319 1927 pudeat
331 1852 424 1928 prisco
434 1871 484 1909 vos
498 1871 558 1910 esse
572 1872 588 1910 e
603 1851 699 1930 stipite
713 1852 820 1910 factos:

170 1929 220 1986 Sic
233 1931 333 1988 veteris
348 1930 427 1987 sedes
440 1931 595 1990 incoluistis
609 1932 663 1990 ovi.

120 2007 214 2065 Tunc
227 2008 328 2066 melius
342 2014 456 2066 tenuere
470 2009 563 2078 fidem,
580 2029 667 2086 quum
681 2029 804 2088 paupere
817 2008 896 2068 cultu

173 2085 273 2144 Stabat
285 2088 315 2144 in
329 2087 429 2164 exigua
441 2087 551 2164 ligneus
563 2088 624 2146 aede
638 2090 718 2149 deus.

124 2163 192 2222 Hic
205 2165 333 2242 placatus
347 2174 415 2234 erat,
425 2186 475 2225 seu
489 2167 551 2243 quis
563 2167 699 2226 libaverat
712 2188 805 2238 uvam,

174 2243 231 2301 Seu
243 2245 359 2303 dederat
373 2254 475 2304 snnctae
488 2246 582 2322 spicea
592 2254 668 2304 serta
681 2266 777 2306 comoe.

132 2322 228 2398 Atque
242 2323 352 2400 aliquis,
362 2324 422 2382 voti
434 2344 559 2401 compos,
574 2324 631 2382 liba
644 2325 704 2402 ipse
717 2325 834 2396 ferebat,

174 2400 297 2478 Postque
311 2422 404 2460 comes
418 2423 520 2479 purum
534 2403 592 2460 filia
605 2423 690 2480 parva
703 2405 809 2464 favum.

61 2531 75 2553 ‚¹
131 2480 174 2537 At
187 2480 269 2538 nobis
283 2489 376 2549 aerata,
392 2482 487 2550 Lares,
503 2482 635 2558 depellite
649 2483 722 2542 tela:

65 2588 69 2596 ·
87 2564 103 2633 ‚¹
173 2559 238 2616 Neu
251 2568 331 2636 petat
344 2559 440 2618 hostili
453 2561 540 2618 missa
554 2563 657 2638 sagitta
669 2582 765 2629 manu,

80 2640 88 2721 ,ἑ
131 2637 199 2696 Neu
213 2638 306 2715 gladio
319 2639 392 2697 celer
404 2639 492 2699 instet
505 2659 598 2717 eques,
613 2642 722 2719 prosint
736 2640 806 2698 mihi
820 2649 857 2709 et,
873 2638 929 2698 aris

57 2778 60 2786 ,
80 2732 85 2748 ¹
174 2716 299 2795 Quaeque
308 2717 361 2775 tuli
375 2719 494 2795 supplex
509 2739 632 2788 munera,
647 2739 766 2798 quaeque
780 2720 877 2779 seram.

80 2774 89 2877 i
131 2795 208 2852 Ture
221 2797 269 2873 pio
283 2797 444 2875 ualeantque
458 2797 521 2865 foci,
536 2799 703 2877 pinguisque
718 2799 845 2857 trahatur

59 2875 63 2880 '
82 2889 89 2951 ,²
173 2874 277 2933 Hostia
290 2875 324 2933 de
337 2876 421 2952 plena
432 2876 537 2934 rustica
551 2897 652 2954 porcus
665 2877 743 2936 hara.

84 2959 93 3007 t
132 2953 217 3012 Hanc
230 2974 301 3030 pura
314 2975 378 3012 cum
392 2961 469 3014 veste
479 2975 588 3033 sequar,
602 2965 750 3034 myrtoque
763 2956 884 3015 canistra

93 3022 104 3053 l
172 3031 275 3091 Vincta
288 3053 393 3110 geram,
408 3042 502 3112 myrto
516 3034 625 3092 vinctus
639 3036 740 3113 etipse
754 3043 849 3114 caput.

132 3110 179 3168 Sic
192 3111 316 3187 placeam
330 3112 426 3181 vobis;
448 3113 519 3170 nlius
533 3113 570 3170 sit
584 3114 665 3172 fortis
676 3115 708 3172 in
721 3117 816 3186 armis,

173 3189 285 3248 Sternat
298 3199 327 3248 et
340 3191 470 3250 adversos
484 3191 578 3250 Marte
592 3193 701 3251 favente
715 3194 810 3262 duces,

133 3267 174 3326 Ut
188 3269 258 3326 mihi
271 3269 382 3346 potanti
394 3271 485 3346 possit
499 3289 550 3328 sua
559 3271 650 3330 dicere
663 3271 738 3330 facta

94 3401 102 3416 ,
172 3348 266 3416 Miles,
282 3349 354 3406 etin
368 3369 465 3407 mensa
478 3349 593 3426 pingere
606 3360 698 3408 castra
710 3369 798 3408 mero.

133 3426 203 3494 Quis
217 3427 295 3485 furor
306 3436 349 3486 est
362 3437 452 3486 atram
465 3428 547 3486 bellis
559 3448 698 3486 arcessere
711 3424 857 3486 Morteml

172 3506 316 3576 Imminet,
331 3515 360 3565 et
373 3508 459 3566 tacito
473 3507 545 3564 clam
558 3508 636 3565 venit
647 3507 695 3566 illu
708 3506 789 3584 pede.

132 3585 199 3644 Non
212 3605 294 3664 seges
309 3595 352 3644 est
364 3586 446 3654 infra,
460 3604 518 3642 non
530 3585 611 3643 vinea
624 3586 708 3655 culta,
724 3589 772 3667 sed
782 3585 874 3644 audax

170 3667 321 3734 Cerberus,
336 3674 364 3724 et
378 3665 485 3743 Stygiae
499 3665 593 3722 navita
606 3665 697 3742 turpis
711 3685 802 3742 aquae.
