2486 4172
191 157 225 212 12

503 173 531 214 C·
554 173 689 214 Vtuntur
712 172 848 215 curuum

226 303 275 362 Nil
289 312 422 362 metuunt
432 306 536 384 jurare,
551 305 621 363 nihil
635 306 800 384 promittere
813 315 949 384 parcunt:
1139 316 1176 375 90

226 382 282 441 Sed
295 384 379 442 simul
393 404 425 442 ac
438 384 549 460 cupidae
563 385 664 442 mentis
679 385 780 444 satiata
792 385 880 444 libido
892 395 944 456 est,

226 461 310 519 Dicta
322 463 394 520 nihil
407 473 539 530 metuere,
554 463 626 520 nihil
639 463 761 542 perjuria
770 473 879 523 curant.

225 539 309 598 Certe
320 561 372 618 ego
387 550 415 600 te
428 542 456 599 in
472 542 565 600 medio
579 553 737 600 versantem
751 543 862 602 turbine
874 543 924 602 leti
961 511 1028 602 110

224 619 333 696 Eripui,
348 629 377 678 et
389 621 484 697 potius
497 640 662 698 germanum
676 621 803 680 amittere
817 622 901 688 crevi,

225 697 318 764 Quam
332 699 384 756 tibi
396 699 489 758 fallaci
499 719 629 776 supremo
644 700 812 777 intempore
826 700 975 778 deessem,¹
1137 709 1173 765 95

225 775 281 834 Pro
296 796 351 854 quo
366 776 541 836 dilaceranda
550 778 616 836 ieris
630 778 725 848 dabor,
740 779 909 856 alitibusque

225 855 333 924 Praeda,
345 875 436 934 neque
449 856 553 934 injecta
567 857 728 913 tumulabor
741 865 854 915 mortua
864 865 947 916 terra.
1022 918 1028 935 s

225 933 363 1000 Quaenam
376 944 405 992 te
418 936 516 1011 genuit
530 935 589 992 sola
602 936 654 993 sub
669 955 738 1011 rupe
751 933 859 994 leaeual
949 941 959 988 l
975 948 978 960 '
1009 939 1021 1000 ³>

223 1011 307 1080 Quod
321 1032 397 1070 mare
410 1021 577 1089 conceptum
591 1015 789 1090 spumantibus
802 1014 915 1090 exspuit
927 1014 1034 1074 undisl

223 1089 295 1157 Quae
310 1090 411 1168 Syrtis,
423 1111 485 1168 quae
500 1091 593 1168 Scylla
605 1111 698 1159 vorax,
714 1113 777 1168 quae
790 1102 870 1151 vasta
884 1092 1052 1171 Charybdis,
1119 1101 1173 1157 100

222 1167 302 1225 Talia
314 1169 362 1247 qui
376 1169 469 1227 reddis
482 1189 533 1246 pro
548 1169 623 1228 dulci
636 1172 752 1248 praemia
764 1169 842 1230 vita?

225 1245 255 1303 Si
268 1247 321 1304 tibi
333 1267 390 1304 non
404 1247 481 1305 cordi
495 1248 604 1306 fuerant
618 1249 757 1308 connubia
769 1258 874 1320 nostra,

223 1324 301 1382 Saeva
314 1326 391 1403 quod
403 1326 536 1384 horrebas
549 1327 634 1403 prisci
649 1337 791 1405 proecepta
803 1329 937 1406 parentis,
964 1331 1025 1396 ibt

222 1403 360 1462 Attamen
369 1405 398 1462 in
414 1414 520 1462 vestras
534 1406 652 1483 potuisti
662 1406 763 1465 ducere
777 1407 857 1465 sedes

222 1482 293 1550 Quae
307 1483 359 1541 tibi
365 1483 491 1562 jucundo
504 1485 653 1543 famularer
666 1505 746 1544 serva
759 1485 861 1554 labore,
1117 1491 1171 1548 105

222 1560 349 1619 Candida
361 1563 540 1640 promuleens
554 1564 666 1642 liquidis
681 1565 797 1642 vestigia
811 1563 944 1642 lymphis,

221 1638 399 1717 Purpureave
412 1651 494 1699 tuum
508 1651 689 1700 consternens
702 1651 779 1701 veste
793 1643 893 1701 cubile.
1096 1702 1107 1722 Ι

222 1718 277 1777 Sed
291 1720 358 1796 quid
372 1741 424 1798 ego
437 1721 541 1793 ignaris
555 1721 744 1799 nequidquam
756 1740 912 1798 conqueror
925 1721 1001 1780 auris
1024 1729 1030 1781 1
1045 1725 1059 1782 ³:
1081 1727 1091 1784 ¹:

221 1798 375 1857 Externata
388 1797 482 1856 maloi
504 1818 567 1876 quae
580 1799 663 1856 nullis
677 1798 806 1856 sensibus
819 1806 910 1857 auctae

220 1875 282 1934 Nec
294 1877 395 1934 missas
408 1876 504 1934 audire
517 1885 625 1952 queunt
638 1895 688 1934 nec
702 1876 817 1934 reddere
830 1895 923 1935 voces.
1116 1885 1172 1940 110

221 1954 274 2012 Ille
288 1964 383 2013 autem
397 1974 484 2031 prope
494 1953 554 2031 jam
568 1955 667 2011 mediis
681 1964 808 2012 versatur
820 1955 851 2012 in
864 1955 956 2023 undis,
1039 2009 1045 2020 ,

220 2032 282 2091 Nec
295 2033 442 2110 quisquam
457 2042 573 2108 apparet
586 2051 673 2090 vacua
686 2033 813 2090 mortalis
825 2033 855 2092 iu
869 2034 940 2111 alga.
987 2029 992 2087 1
1004 2025 1022 2078 (ί
1036 2021 1042 2060 t

220 2110 334 2188 Jupiter
347 2111 534 2186 omnipotens,
549 2111 658 2168 utinam
672 2131 707 2168 ne
720 2121 847 2188 tempore
860 2112 953 2190 primo

220 2189 326 2248 Gnosia
339 2188 484 2264 Cecropiae
497 2189 656 2266 tetigissent
668 2189 751 2248 litora
764 2210 891 2268 puppes:

220 2266 362 2325 Indomito
376 2287 428 2325 nec
441 2267 502 2324 dira
514 2271 605 2324 ferens
620 2267 760 2345 stipendia
773 2277 863 2338 tauro,

220 2346 349 2404 Perfidus
362 2346 392 2403 in
406 2345 520 2404 Cretam
535 2347 679 2424 religasset
693 2348 787 2405 navita
800 2347 914 2407 sunem:
962 2357 968 2385 a
1021 2388 1029 2414 2

218 2423 281 2482 Nec
295 2424 387 2482 malus
401 2424 457 2493 hic,
472 2425 566 2484 celans
580 2425 655 2484 dulci
669 2425 793 2484 crudelia
806 2426 896 2484 forma
1003 2429 1005 2436 '

218 2502 352 2572 Consilia,
367 2503 395 2560 in
411 2505 515 2562 nostris
529 2524 558 2561 re
580 2505 684 2562 uiesset
697 2505 810 2562 sedibus
823 2503 943 2580 hospes!

217 2581 293 2640 Nam
307 2602 362 2657 quo
376 2602 421 2640 me
434 2525 578 2641 referami
594 2583 669 2658 quali
683 2601 733 2658 spe
743 2581 854 2658 perdita
866 2581 962 2640 nitar?

217 2660 415 2719 Idomeniosne
429 2671 522 2737 petam
539 2658 669 2717 montesl
690 2668 720 2716 at
733 2659 845 2736 gurgite
857 2659 916 2717 lato
989 2732 994 2738 „

217 2737 387 2798 Discernens
401 2740 481 2816 ponti
494 2738 686 2796 truculentum
700 2737 802 2795 dividit
814 2757 921 2815 aequor.
942 2811 944 2816 Ι
965 2739 973 2777 ¹
1102 2801 1135 2824 d„

218 2818 265 2875 An
278 2818 367 2895 patris
380 2817 515 2875 auxilium
528 2835 650 2892 sperem,
665 2835 785 2892 quemue
799 2816 861 2892 ipsa
874 2815 982 2894 reliqui,
1054 2833 1057 2838 '

217 2895 393 2986 Respersum
403 2897 536 2973 juvenem
550 2895 674 2950 t'raterna
687 2894 764 2952 caede
778 2893 894 2953 secuta?

218 2974 353 3051 ConJugis
367 2994 402 3030 an
417 2973 474 3030 fido
487 2972 613 3030 consoler
627 2981 731 3030 memet
739 2991 841 3041 amore,

218 3051 311 3119 Quinc
324 3051 398 3129 fugit
411 3050 665 3108 lentosincurvans
678 3052 788 3128 gurgite
802 3050 914 3110 remosl

217 3130 360 3189 Praeterea
372 3131 450 3196 litus,
465 3129 544 3187 nullo
556 3129 615 3186 sola
628 3129 720 3187 insula
733 3139 825 3200 teoto;

216 3207 279 3267 Nec
293 3218 371 3286 patet
384 3228 522 3284 egressus,
538 3207 630 3285 pelagi
643 3209 820 3286 cingentibus
833 3209 926 3267 undis.
941 3240 943 3245 ·

217 3286 305 3346 Nulla
317 3289 391 3365 lugae
406 3289 486 3354 ratio,
502 3287 580 3345 nulla
593 3307 677 3363 spes:
699 3288 793 3345 omnia
805 3295 893 3356 muta,

216 3364 321 3424 Omnia
333 3375 399 3424 sunt
413 3367 540 3423 deserta:
562 3376 704 3423 ostentant
718 3367 812 3424 omnia
824 3366 923 3423 letum.

215 3444 283 3502 Non
294 3451 388 3504 tamen
403 3459 467 3502 ante
482 3446 550 3502 mihi
566 3445 747 3521 languescent
759 3443 867 3501 lumina
878 3451 980 3512 morte,

216 3521 278 3581 Nec
291 3523 369 3601 prius
383 3543 400 3580 a
413 3525 486 3580 l'esso
497 3523 627 3580 secedent
641 3541 757 3599 corpore
767 3540 873 3590 sensus,

217 3600 310 3672 Quam
321 3603 427 3682 justam
442 3621 459 3659 a
475 3603 552 3660 Divis
563 3620 712 3679 exposcam
725 3600 839 3678 prodita
851 3598 981 3666 multam,
