2486 4172
165 160 203 214 56
432 175 522 214 snxrr
545 173 682 214 adunari
704 163 876 214 raorsdrn

204 307 245 364 Ut
258 306 363 364 nostris
377 307 528 365 tumefacta
542 307 685 383 superbiat
699 307 818 365 Umbria
831 307 919 377 libris,

242 385 363 443 Umbria
376 373 497 442 Romani
510 385 600 462 patria
613 385 787 443 Callimachi.

203 463 374 522 scandentes
388 463 486 540 siquis
499 472 593 520 cernet
607 463 641 520 de
654 463 773 521 vallibus
787 483 872 533 arces,

243 541 360 617 Ingenio
374 560 470 598 muros
484 541 604 598 aestimet
617 541 663 599 ille
676 561 748 600 meo.

203 619 303 686 Roma,
318 619 389 687 fare,
404 619 457 677 tibi
470 619 560 695 surgit
573 638 645 695 opus
657 641 664 676 z
679 619 743 676 date
757 619 875 677 candida
888 620 962 679 cives

241 697 353 765 Omina,
368 704 397 754 et
409 697 529 774 inceptis
543 697 658 755 dextera
670 704 764 762 cantet
777 698 845 755 avis.

123 778 125 784 ’
203 775 287 833 Sacra
299 775 414 852 diesque
427 795 534 843 canam,
549 782 577 832 et
591 775 756 851 cognomina
769 775 860 852 prisca
872 775 1017 834 locorum:

242 854 304 910 Has
317 873 397 910 meus
411 853 447 910 ad
460 861 549 910 metas
563 853 646 910 sudet
659 861 770 928 oportet
784 873 883 930 equus.
1129 861 1172 920 70

202 931 266 998 Quo
280 931 339 988 ruis
352 931 525 1008 imprudens,
540 951 618 1006 roge,
634 930 724 988 dicere
738 931 804 1000 fata,
821 929 970 1009 Properti?

242 1009 309 1066 Non
323 1011 438 1066 suntab
452 1008 550 1066 dextro
564 1009 676 1066 condita
688 1009 736 1066 fila
749 1009 821 1067 colo.

202 1086 317 1144 Aversis
331 1086 461 1145 Charisin
475 1095 588 1146 cantas:
603 1106 716 1145 aversus
729 1087 852 1164 Apollo:

244 1165 339 1222 Poscis
353 1165 388 1222 ab
402 1165 492 1222 invita
503 1165 587 1223 verbe
600 1164 721 1241 pigenda
734 1164 804 1242 lym.

204 1243 288 1301 Certa
301 1243 386 1300 feram
401 1243 485 1300 certis
497 1243 675 1311 auctoribus,
691 1250 740 1300 aut
754 1262 805 1320 ego
818 1249 897 1301 rates

243 1321 362 1378 Nescius
377 1328 463 1380 aerata
477 1321 557 1398 signa
570 1340 681 1378 movere
695 1321 762 1397 pila.

204 1399 254 1456 Me
267 1408 342 1456 creat
355 1398 491 1476 Archytae
505 1399 614 1458 soboles
628 1398 800 1476 Babylonius
815 1399 918 1468 Horos,

243 1477 352 1545 Horon,
368 1484 395 1534 et
409 1497 426 1535 a
438 1496 541 1554 proavo
556 1477 641 1534 ducta
653 1477 768 1535 Conone
782 1476 891 1534 domus.

203 1553 241 1612 Dr
255 1554 324 1612 mihi
338 1563 404 1612 sunt
418 1563 512 1623 testes,
527 1575 583 1612 noa
598 1555 779 1630 degenerasse
792 1555 974 1632 propinquos

243 1634 332 1710 Inque
345 1634 415 1691 meis
429 1633 507 1690 libris
521 1633 561 1690 nil
575 1633 652 1709 prius
665 1651 726 1690 esse
740 1633 804 1690 fide.

203 1710 288 1768 Nunc
302 1713 424 1788 pretium
438 1712 527 1770 fecere
541 1711 616 1779 deos,
634 1710 675 1786 (et
689 1710 795 1768 fallitur
809 1729 877 1768 auro

243 1789 262 1846 J
263 1790 379 1866 upiter‚)
395 1789 514 1866 obliquae
526 1789 605 1866 signa
618 1789 718 1846 iterata
731 1797 812 1846 rotae.
916 1817 920 1824 ·

203 1867 363 1944 Felicesque
376 1868 395 1925 J
397 1867 456 1925 oris
469 1867 572 1931 stellas,
587 1867 745 1943 Martisque
758 1867 875 1943 repaciS,

244 1947 281 2001 Et
295 1963 379 2021 grave
392 1946 505 2002 Saturni
519 1945 598 2002 sidus
611 1944 639 2002 in
654 1964 737 2002 omne
751 1953 856 2020 ceput3

205 2023 281 2090 Quid
294 2033 424 2081 moveant
438 2023 533 2081 Pisces
546 2023 725 2099 animosaque
740 2022 820 2098 signa
833 2021 946 2090 Leonis,

243 2101 334 2157 Lotus
348 2108 376 2158 et
390 2101 529 2177 Hesperia
542 2101 610 2178 quid
624 2101 811 2177 Capricornus
824 2119 906 2176 aqua.

204 2179 303 2236 Dicam
316 2200 323 2236 ε
338 2179 423 2257 Troja
436 2179 527 2247 cades,
542 2187 570 2237 et
582 2178 683 2236 Troica
697 2179 789 2236 Roma
801 2197 939 2256 resurges,

243 2257 281 2313 Et
295 2257 379 2314 maris
393 2266 422 2315 et
436 2265 517 2315 terrae
531 2257 615 2334 longa
627 2257 753 2334 sepulcra
767 2275 875 2315 canam.

205 2334 272 2392 Dixi
287 2354 347 2410 ego,
363 2355 450 2411 quum
463 2335 590 2412 geminos
603 2335 771 2413 produceret
785 2333 869 2392 Arria
882 2340 972 2402 natos,

244 2412 299 2470 Illa
312 2413 397 2471 dabat
409 2414 483 2471 natis
497 2432 574 2470 erma
586 2420 697 2471 vetante
711 2412 772 2480 deo,

195 2492 273 2549 -Non
286 2497 368 2567 pos'se
382 2491 418 2548 ad
431 2491 536 2568 patrios
550 2510 601 2549 sua
613 2491 671 2567 pila
683 2491 785 2548 referre
800 2489 935 2547 Penatesr

244 2569 354 2645 Nempe
369 2589 458 2627 meam
473 2570 585 2631 firmant
598 2588 673 2626 nunc
687 2569 742 2626 duo
756 2569 841 2651 busta
852 2568 954 2625 fidem:

207 2646 318 2723 Quippe
333 2648 487 2724 Lupercus,
502 2647 567 2724 equi
580 2647 649 2704 dum
663 2646 756 2704 saucia
769 2646 892 2722 protegit
905 2665 962 2714 ora,

246 2725 312 2782 Heu
326 2725 379 2782 sibi
392 2725 524 2802 prolapso
537 2745 593 2783 non
607 2726 677 2782 bene
691 2725 763 2782 eavit
777 2743 848 2800 equo
860 2747 868 2791 ;

208 2801 306 2860 Gallus
320 2811 358 2870 at,
372 2803 512 2862 incastris
526 2803 593 2860 dum
608 2803 713 2860 credita
727 2803 806 2877 signa
820 2809 925 2868 tuetur,

247 2880 376 2938 Concidit
389 2889 455 2946 ante
468 2881 569 2958 aquilae
582 2889 675 2938 rostra
688 2890 803 2938 cruenta
817 2899 887 2938 suae.

208 2959 317 3016 Fatales
331 2961 419 3036 pueri,
435 2959 491 3016 duo
504 2960 604 3016 funera
616 2958 713 3016 matris
727 2977 836 3026 avarae3
935 3011 936 3016 ,

147 3051 149 3057 ’
246 3035 329 3105 Vera,
344 3037 393 3094 sed
405 3037 493 3094 invito
506 3037 623 3112 contigit
636 3036 692 3094 ista
704 3036 784 3094 fides.

209 3114 273 3172 Hoc
287 3134 375 3191 neque
388 3135 538 3181 arenosum
553 3115 652 3191 Libyae
666 3114 744 3172 doris
757 3112 878 3190 explicat
891 3119 1014 3179 antrum,
1129 3181 1135 3190 Ι

247 3192 309 3249 Aut
323 3193 375 3250 sibi
390 3193 552 3251 commissos
566 3193 637 3252 fibra
649 3193 744 3250 loeuta
757 3191 834 3259 deos,
1106 3191 1162 3250 100

210 3271 270 3328 Aut
284 3271 308 3328 si
321 3270 384 3348 quis
397 3279 489 3333 motas
502 3270 621 3330 cornicis
636 3270 754 3328 senserit
767 3269 825 3326 alas

250 3348 358 3406 Umbra
371 3369 460 3426 neque
473 3368 488 3407 e
501 3348 618 3425 magicis
631 3357 742 3406 mortua
755 3347 849 3424 prodit
862 3344 953 3424 aquis.

210 3425 381 3502 Aspicienda
393 3429 437 3486 via
450 3435 493 3484 est
506 3427 570 3485 eoeli
582 3445 733 3502 versusque
747 3443 797 3502 per
810 3431 887 3482 astra

249 3505 375 3574 Trames,
390 3513 418 3563 et
431 3506 467 3564 ab
480 3505 557 3562 zonis
571 3505 692 3586 quinque
705 3503 828 3582 petenda
840 3501 923 3560 fides.
