2486 4172
489 195 647 238 canaam.

101 381 107 390 .
149 329 252 398 Qualia
266 331 319 388 sub
334 330 430 388 densis
443 349 584 390 ramorum
598 331 720 390 concinit
734 333 843 391 umbris

190 408 317 478 Daulias,
333 411 478 486 absumpti
491 411 549 468 fata
562 429 677 487 gemens
693 411 768 488 Ityli.

149 487 205 545 Sed
219 497 315 545 tamen
329 489 359 546 iu
373 490 459 546 tantis
473 489 649 556 moeroribuS,
666 489 793 558 Hortalo,
809 489 893 548 mitto
1025 494 1058 548 15

189 567 262 624 Haec
274 587 409 643 expressa
421 567 473 624 tibi
486 568 613 625 carmina
623 568 764 626 Battiadae
776 592 783 635 ;

151 645 197 702 Ne
211 653 261 701 tua
275 645 352 702 dicta
367 646 442 722 vagia
456 645 645 722 nequidquam
660 647 767 704 credita
780 647 873 704 ventis

188 723 341 780 Effluxisse
356 743 418 781 meo
432 724 504 781 forte
517 736 601 801 putes
615 725 725 782 auimo:

148 801 191 858 Ut
205 802 324 858 missum
339 803 435 878 sponsi
448 803 552 860 furtivo
566 823 683 861 munere
697 803 803 861 malum

191 881 335 937 Procurrit
349 889 426 938 casto
440 881 555 958 virginis
570 901 585 939 e
598 883 715 958 gremio,

148 958 236 1027 Quod
250 958 358 1016 miserae
373 960 468 1017 oblitae
483 959 560 1017 molli
575 961 627 1018 sub
641 969 717 1018 veste
730 960 864 1029 locatum,
928 965 936 975 “

190 1037 266 1093 Dum
281 1036 403 1095 adventu
417 1039 515 1096 matris
529 1039 647 1115 prosilit,
662 1039 814 1106 excutitur,

147 1114 245 1190 Atque
258 1115 328 1172 illud
342 1135 432 1193 prono
445 1136 572 1193 praeceps
585 1118 679 1194 agitur
692 1117 830 1176 decursu:

189 1192 268 1252 Huic
281 1203 377 1252 manat
391 1195 467 1252 tristi
481 1196 611 1254 conscius
625 1215 673 1253 ore
686 1197 781 1254 rubor.

148 1653 260 1712 Multas
273 1673 324 1732 per
336 1664 443 1732 gentes,
458 1663 487 1712 et
499 1655 591 1713 multa
603 1673 655 1730 per
667 1671 779 1731 aequora
791 1661 888 1711 vectus

188 1732 300 1791 Adveni
313 1733 366 1792 has
379 1735 505 1802 miseras,
521 1732 617 1801 irater,
632 1732 669 1791 ad
682 1731 805 1800 inferias,

147 1811 191 1869 Ut
204 1819 233 1870 te
246 1821 390 1889 postremo
404 1812 537 1870 donarem
550 1830 666 1869 munere
678 1811 788 1878 mortis,

188 1889 227 1947 Et
241 1898 353 1948 mutum
366 1890 555 1968 nequidquam
569 1890 724 1967 alloquerer
737 1890 859 1948 cinerem
872 1911 879 1947 ε

147 1967 385 2046 Quandoquidem
398 1969 512 2027 fortuna
525 1969 595 2026 mihi
609 1977 667 2027 tete
679 1968 797 2027 abstulit
810 1967 923 2045 ipsum:
1040 1972 1057 2026 ⁵

131 2072 133 2076 ¹
188 2046 256 2104 Heu
269 2046 354 2105 miser
366 2047 481 2124 indigne
491 2047 577 2105 frater
590 2047 721 2125 adempte
735 2046 815 2104 mihi.

147 2124 235 2183 Nunc
248 2133 343 2183 tamen
356 2126 464 2183 interea
477 2126 569 2202 prisco
583 2146 645 2203 quae
660 2145 737 2183 more
750 2134 900 2203 parentum

187 2203 304 2261 Tradita
318 2213 384 2262 sunt
397 2206 492 2262 tristes
506 2224 623 2262 munera
636 2203 671 2262 ad
684 2204 809 2274 inferias,

147 2282 263 2358 Accipe,
278 2281 402 2340 fraterno
416 2283 538 2341 multum
552 2283 697 2340 manantia
711 2283 794 2340 fletur

187 2361 283 2438 Atque
296 2361 326 2418 in
339 2371 517 2439 perpetuum,
533 2361 629 2430 frater,
644 2380 694 2418 ave
708 2369 792 2438 atque
805 2360 877 2418 vale.
1024 2365 1057 2419 10

545 2539 584 2598 X.
926 2579 1054 2659 Ἣ...

427 2688 470 2728 an
491 2687 701 2729 condumum.
934 2613 1030 2699 *A*

147 2821 178 2879 Si
210 2820 347 2898 qidquam
361 2825 447 2880 tacito
461 2821 644 2880 commissum
658 2829 701 2878 est
713 2821 772 2880 fido
785 2821 821 2880 ab
835 2821 933 2892 amico,

188 2843 278 2978 gujus
293 2900 330 2958 sit
343 2900 456 2977 penitus
470 2911 538 2957 nota
551 2901 623 2958 fides
637 2900 743 2969 animi3

146 2979 199 3037 Me
212 2998 301 3035 unum
315 2997 374 3036 esse
388 2979 512 3036 invenies
525 2978 637 3036 illorum
648 2977 712 3054 jure
726 2985 876 3047 sacratum,

187 3055 310 3126 Corneli,
325 3065 354 3114 et
367 3056 475 3114 facturn
489 3077 535 3114 me
549 3076 609 3115 esse
622 3065 692 3135 puta
706 3057 923 3135 Harpocratem.

537 3235 592 3294 XI.

450 3383 493 3420 An
515 3381 666 3421 LESBIAM·

144 3515 164 3574 J
168 3513 322 3582 mundum,
337 3533 400 3571 mea
412 3513 479 3580 vita,
494 3512 566 3571 mihi
578 3511 711 3590 proponis
725 3529 848 3570 amorem

186 3592 274 3650 Hunc
287 3602 416 3650 nostrum
429 3593 577 3659 internos,
592 3599 817 3668 perpetuumque
830 3591 899 3652 fore.
