2486 4172
28 168 33 229 l

26 280 32 323 r

477 219 637 258 cramus.

121 352 203 417 lam,
216 353 285 430 jam
302 351 399 429 poturi
414 351 518 409 deserit
531 352 608 407 unda
622 351 696 408 sitim
705 375 713 418 ;

83 432 120 488 Et
134 433 236 490 Danai
252 431 361 508 proles,
377 431 495 487 Veneris
509 451 571 507 qaae
585 430 701 486 numina
715 428 795 496 laesit,

19 511 21 513 ’
122 511 159 567 In
175 530 253 568 cava
269 510 404 566 Lethaeas
420 509 495 566 dolia
508 517 603 584 portat
616 527 712 583 aquas.

81 588 145 646 Illic
158 589 210 657 sit,
229 589 398 665 quicunque
414 607 492 644 meos
505 587 617 644 violavit
630 604 749 652 amores,

120 667 253 742 Optavit
270 667 364 724 lentas
378 676 405 723 et
420 665 491 722 mihi
504 665 627 722 militias.

79 744 122 801 At
136 755 173 802 tu
188 757 288 813 casta,
302 764 408 820 precor,
422 764 543 810 maneas,
559 743 703 818 sanctique
719 741 834 818 pudoris

120 824 275 880 Assideat
290 833 386 880 custos
401 822 499 879 sedula
512 840 622 896 semper
635 839 716 877 anus.

80 901 157 958 Haec
172 903 235 958 tibi
251 901 370 958 fabellas
384 900 494 966 referat,
509 900 656 975 positaque
669 899 783 956 lucerne

120 980 272 1037 Deducat
286 979 369 1054 plena
383 980 503 1036 stamina
516 979 599 1053 longa
612 976 690 1044 colo;
721 999 729 1012 ³

79 1057 126 1115 Ac
141 1059 229 1115 circa
246 1057 380 1134 gravibus
394 1057 488 1133 pensis
501 1057 586 1114 affixa
599 1055 692 1132 puella

122 1137 295 1194 Paullatim
309 1154 408 1192 somno
418 1135 492 1192 fessa
506 1135 632 1192 remittat
645 1152 726 1210 opus.

80 1215 172 1271 Tunc
188 1215 309 1272 veniam
324 1214 425 1280 subito,
440 1233 492 1270 nec
506 1213 653 1289 quisquam
667 1211 778 1292 nuntiet
792 1220 867 1282 ante,

125 1293 192 1350 Sed
207 1293 308 1350 videar
322 1292 391 1348 coelo
406 1292 508 1349 missus
522 1291 620 1348 adesse
633 1290 695 1347 tibi.

82 1372 175 1429 Tunc
190 1371 279 1438 mihi,
295 1371 385 1447 qualis
400 1371 463 1438 eris,
478 1370 578 1446 longos
592 1369 704 1426 turbata
716 1368 842 1444 capillos,

127 1449 236 1508 Obvia
248 1449 363 1514 nudato,
380 1449 469 1516 Delia,
484 1467 564 1505 curre
578 1448 658 1524 pede.

84 1528 159 1586 Hoc
175 1547 299 1604 precor3
321 1527 398 1584 hunc
412 1527 491 1583 illum
506 1526 589 1582 nobis
600 1525 712 1582 Aurora
724 1526 861 1582 nitentem

129 1607 306 1665 Luciferum
320 1606 407 1663 roseis
420 1605 540 1664 candida
551 1612 645 1684 portet
659 1604 747 1680 equis.

444 1833 593 1892 annam
614 1834 712 1898 uas
861 1762 914 1882 T
945 1788 982 1888 l‘.

91 1987 192 2044 Hunc
205 1985 328 2044 cecinere
341 1985 415 2042 diem
430 1985 526 2043 Parcae
539 1984 636 2043 fatalia
648 1994 746 2044 nentes

140 2065 280 2133 Stamina,
296 2084 353 2121 non
366 2065 417 2121 ulli
430 2064 612 2130 dissoluenda
626 2064 698 2122 deo:

95 2144 195 2202 Hunc
208 2144 277 2211 fore,
292 2143 451 2220 Aquitanas
464 2151 560 2219 posset
574 2142 623 2220 qui
636 2142 754 2200 fundere
767 2151 874 2220 gentes,

141 2223 238 2289 Quem
252 2229 384 2278 tremeret
398 2221 465 2278 forti
479 2221 568 2278 milite
581 2221 673 2279 rictus
686 2222 773 2280 Atax.

96 2301 248 2368 Evenere;
269 2319 356 2357 novos
369 2300 458 2376 pubes
473 2300 600 2356 Romana
613 2300 772 2377 triumphos

143 2378 235 2446 Vidit,
250 2387 278 2434 et
292 2379 418 2436 evinctos
432 2377 547 2435 brachia
560 2386 643 2456 capta
657 2378 758 2436 duces:

100 2458 146 2515 At
162 2465 199 2525 te,
214 2457 340 2518 victrices
354 2457 456 2525 lauros,
472 2457 605 2524 Messala,
621 2468 775 2534 gerentem,

144 2535 283 2594 Portabat
295 2536 382 2592 niveis
396 2555 494 2592 currus
508 2535 632 2592 eburnus
646 2537 734 2613 equis.

100 2615 175 2672 Non
188 2613 247 2670 sine
261 2632 306 2670 me
320 2622 363 2670 est
376 2614 429 2670 tib1
442 2623 539 2690 partus
553 2611 654 2671 honos'.
695 2614 825 2673 Tarbella
839 2615 947 2692 Pyrene
1030 2641 1035 2666 r

145 2686 251 2759 Testis,
266 2700 294 2750 et
308 2692 413 2750 Oceani
426 2691 509 2750 litora
522 2692 683 2750 Santonici:
1019 2699 1054 2752 10
1087 2707 1092 2714 “

101 2771 201 2830 Testis
215 2769 296 2839 Arar,
313 2770 525 2846 Rhodanusque
539 2771 619 2839 celer,
635 2791 808 2850 magnusque
822 2773 974 2842 Garumna,

146 2848 266 2906 Carnuti
280 2857 308 2906 et
321 2849 386 2906 flavi
398 2849 500 2907 caerula
511 2849 639 2926 lympha,
655 2850 749 2927 Liger.

101 2929 155 2986 An
169 2934 207 2995 te,
223 2927 332 3004 Cydne,
347 2947 454 2996 canam,
466 2928 558 2986 tacitis
569 2928 618 3004 qui
631 2929 731 2987 leniter
743 2929 827 2988 undis

147 3005 285 3064 Caeruleis
296 3006 424 3083 placidus
439 3026 490 3082 per
504 3006 575 3064 vada
590 3007 678 3084 serpis
692 3007 791 3085 aquisl

104 3085 238 3152 Quantus
253 3093 290 3152 et,
306 3085 422 3142 aetherio
436 3085 601 3162 contingens
615 3086 718 3144 vertice
732 3086 830 3156 nubes,
1019 3091 1053 3145 15

147 3161 278 3239 Frigidus
292 3163 419 3222 intonsos
433 3164 543 3220 Taurus
554 3172 614 3222 arat
629 3163 753 3222 Cilicas?

106 3241 184 3308 Quid
198 3241 324 3308 reseram,
340 3254 372 3299 ut
386 3241 484 3300 volitet
498 3242 609 3302 crebras
622 3243 728 3301 intacta
741 3263 792 3319 per
804 3244 889 3302 urbes

145 3319 221 3377 Alba
234 3319 386 3378 Palaestino
400 3329 496 3378 sancta
509 3320 639 3378 columba
653 3320 744 3398 Syro?

107 3399 203 3474 thue
218 3399 302 3456 maris
316 3405 428 3462 vastum
442 3407 603 3476 prospectet
615 3400 742 3457 turribus
755 3419 853 3475 aequor

148 3477 241 3536 Prima
249 3485 340 3535 ratem
353 3478 444 3535 ventis
457 3478 569 3535 credere
584 3477 667 3536 docta
679 3477 792 3554 Tyros?
1017 3483 1055 3538 20

107 3555 205 3623 Qualis
218 3565 255 3625 et,
271 3562 382 3612 arentes
395 3575 482 3632 quum
496 3555 579 3613 findit
593 3556 681 3614 Sirius
694 3575 786 3633 agros,

144 3636 257 3696 Fertilis
272 3635 371 3692 aestiva
384 3635 469 3693 Nilus
483 3633 608 3692 abundet
621 3633 712 3710 aqual
