2534 4172
503 191 661 232 crsisius.
1035 173 1073 230 89

121 319 169 379 Ad
181 321 396 387 circumstantes
410 323 529 382 tendens
543 343 595 382 sua
608 324 723 384 brachia
736 325 819 383 silvas
1034 327 1071 382 ³5

123 400 265 477 “Ecquis
280 401 308 458 io
322 401 409 468 silvie,
426 402 596 471 crudelius,”
612 403 714 480 inquit,
731 401 884 460 “amavitl

122 477 206 536 Scitis
220 481 306 547 enim,
321 488 350 536 et
365 480 463 537 multis
476 481 583 538 latebra
596 490 756 557 opportuna
768 482 872 540 fuistis.

121 556 259 634 Ecquem,
274 577 361 634 quum
377 568 477 616 vestrae
492 568 533 616 tot
547 569 668 637 agantur
681 560 774 617 secula
787 561 863 628 vitae,

122 635 180 703 Qui
194 636 234 693 sic
248 636 382 700 tabuerit,
397 637 481 712 longo
494 638 661 696 meministis
675 638 705 694 in
719 636 801 695 aevol
986 703 990 712 ¹

121 713 161 770 Et
174 713 277 790 placet,
291 722 321 771 et
334 715 434 772 video:
456 715 505 772 sed
519 716 594 792 quod
608 717 753 792 videoque,
768 715 923 792 placetque,
1033 721 1072 776 40

120 792 191 849 Non
205 799 300 850 tamen
313 792 442 849 invenio:
464 802 560 850 tantus
573 802 651 851 tenet
665 813 742 850 error
755 793 912 851 amantem!

121 869 244 946 Quoque
257 871 348 946 magis
361 871 487 927 doleam:
510 891 560 928 nec
574 891 626 928 nos
639 891 715 928 mare
729 881 840 948 separat
853 873 961 950 ingens,

122 948 186 1005 Nec
199 949 253 1016 ria,
267 967 319 1005 nec
332 957 513 1016 montes-nec
526 949 629 1008 clausis
642 950 746 1007 moenia
758 951 866 1026 portis:

121 1026 235 1102 Exigua
247 1026 430 1102 prohibemur
442 1045 531 1104 aqua:
553 1029 631 1104 cupit
646 1027 707 1102 ipse
721 1029 826 1096 teneri;

121 1104 209 1171 Num,
224 1104 335 1180 quoties
348 1104 461 1180 liquidis
475 1107 650 1180 porreximus
662 1106 759 1163 oscula
771 1106 904 1183 lymphis,
1031 1111 1069 1164 45

122 1181 181 1240 Hic
195 1183 279 1239 toties
292 1182 328 1239 sd
342 1201 387 1240 me
400 1184 532 1259 resupino
546 1184 647 1240 nititur
659 1202 726 1241 ore:

122 1260 212 1318 Posse
225 1269 308 1335 putes
321 1261 400 1336 tangi
412 1285 419 1328 ;
441 1262 589 1318 minimum
603 1269 655 1328 est,
671 1260 746 1338 quod
759 1263 919 1320 amantibus
932 1263 1035 1321 obstat.

122 1337 260 1415 Quisquis
274 1357 313 1404 es,
328 1338 384 1394 huc
398 1339 459 1396 exil
480 1338 549 1415 qnid
562 1359 616 1406 me,
631 1358 701 1416 puer
716 1340 805 1408 unice,
819 1339 912 1400 fallisl

122 1415 222 1483 Quove
236 1415 343 1492 petitus
357 1415 438 1474 abisl
458 1426 533 1474 certe
545 1437 597 1474 nec
610 1417 709 1485 forma,
724 1437 775 1476 nec
789 1425 860 1476 setas

120 1493 176 1552 Est
189 1513 261 1561 mea,
276 1513 360 1570 quam
374 1494 483 1571 fugias:
498 1505 528 1554 et
534 1497 665 1552 amtrunt
677 1515 723 1553 me
737 1515 847 1573 quoque
856 1495 1012 1574 Nymphae.
1030 1501 1069 1554 50

121 1571 210 1648 Spem
224 1572 304 1639 mihi,
320 1574 519 1650 nescioquam,
535 1573 618 1630 vultu
631 1574 775 1650 promittis
788 1574 895 1642 amioo;

121 1651 276 1726 Quumque
289 1669 341 1727 ego
355 1652 465 1727 porrexi
478 1651 530 1709 tibi
543 1652 667 1721 brachia,
682 1652 801 1728 porrigis
816 1651 906 1709 ultro:

121 1729 221 1796 Quum
236 1727 293 1793 risi,
308 1728 430 1804 arrides:
452 1729 581 1786 lacrimas
595 1749 704 1807 quoque
718 1748 795 1806 saepe
807 1731 911 1796 notavi,

120 1807 180 1884 Me¹
190 1807 362 1874 lacrimante,
374 1816 455 1864 tuas:
477 1816 550 1865 nutu
563 1827 674 1885 quoque
687 1808 767 1884 signa
779 1807 917 1866 remittis:

120 1885 172 1952 Et,
187 1891 326 1962 quantum
339 1893 420 1942 motu
433 1885 547 1943 formosi
561 1887 689 1963 suspicor
701 1887 766 1954 oris,
1016 1951 1019 1954 ,
1031 1891 1068 1945 55

120 1962 218 2020 Verba
230 1962 326 2030 refers,
341 1982 423 2021 cures
435 1983 493 2022 uon
510 1964 699 2039 pervenientia
712 1973 833 2022 nostras.

122 2040 161 2098 In
175 2047 203 2098 tc
213 2059 265 2117 ego
279 2060 352 2106 sum,
367 2041 461 2098 sensi:
482 2061 534 2100 nec
548 2062 593 2100 me
605 2061 669 2099 mea
681 2042 753 2099 fallit
765 2043 859 2120 imago
871 2064 879 2100 ε

122 2119 201 2176 Uror
214 2136 308 2176 amore
321 2119 394 2176 mei:
416 2120 537 2178 flammis
550 2140 648 2178 moveo
668 2139 703 2178 ue
716 2120 840 2199 feroque.

124 2195 202 2264 Quid
214 2195 336 2257 faciam?
358 2216 447 2274 roger,
462 2217 533 2255 anne
546 2141 667 2274 rogemi
687 2198 755 2274 quid
769 2198 869 2257 deinde
882 2198 1010 2277 rogabol

124 2275 210 2342 Quod
223 2274 306 2351 cupio
320 2294 430 2332 mecum
444 2284 505 2344 est3
526 2275 639 2351 inopem
652 2295 698 2334 me
712 2277 792 2352 copia
805 2277 882 2336 fecit.
1033 2281 1071 2336 60

124 2352 151 2411 Ο
166 2353 272 2410 utinam
287 2361 383 2411 nostro
397 2353 523 2412 secedere
537 2374 652 2432 corpore
666 2355 795 2430 posseml
944 2419 949 2428 ,

122 2430 231 2488 Votum
244 2430 274 2487 in
287 2442 398 2494 amante
411 2451 536 2490 novumz
556 2433 665 2500 vellem,
681 2432 756 2508 quod
769 2452 905 2501 amamus,
921 2432 1042 2492 abesset!

123 2509 246 2586 Jamque
260 2508 340 2567 dolor
353 2510 425 2567 vires
439 2509 557 2578 adimit3
580 2530 631 2568 nec
644 2519 773 2587 tempora
785 2511 851 2568 ritae

123 2588 225 2664 Longa
237 2606 309 2644 mese
323 2595 474 2664 superant;
496 2589 644 2666 primoque
658 2591 807 2665 extinguor
821 2589 850 2645 in
866 2608 944 2647 sevo:

123 2665 186 2722 Nec
198 2663 269 2722 mihi
282 2684 358 2723 mors
371 2666 463 2742 gravis
476 2675 519 2724 cst
533 2669 660 2742 posituro
672 2677 763 2724 morte
777 2665 898 2725 dolores.
1033 2671 1070 2726 65

123 2744 190 2812 Hic,
206 2743 255 2819 qui
269 2743 403 2820 diligitur,
418 2743 517 2802 vellem
531 2744 690 2803 diuturnior
703 2753 795 2804 esset:

122 2821 210 2879 Nunc
223 2820 280 2878 duo
293 2822 444 2880 concordes
458 2823 551 2880 anima
563 2824 715 2880 moriemur
727 2825 755 2881 in
770 2823 858 2882 una.''

162 2899 253 2966 Dixit,
268 2907 297 2956 et
311 2900 347 2957 ad
360 2899 460 2957 faciem
473 2900 556 2958 rediit
570 2902 728 2960 malesanus
742 2901 877 2970 eandem

121 2977 162 3035 Et
173 2977 297 3035 lacrimis
311 2977 434 3035 turbavit
446 2998 552 3056 aquas:
574 2980 746 3056 obscuraque
760 2987 837 3037 moto

122 3055 248 3113 Reddita
260 3057 350 3113 forma
362 3056 426 3114 lacu
438 3066 482 3114 est
494 3079 501 3113 τ
523 3077 606 3133 quam
621 3077 685 3114 cum
699 3057 815 3115 vidisset
827 3057 913 3124 abire,
1035 3057 1073 3120 70

124 3134 218 3200 “Quo
231 3131 326 3210 fugisl
347 3153 506 3202 oremane;
528 3155 580 3193 nec
594 3155 648 3200 me,
663 3135 791 3202 crudelis,
807 3143 949 3192 amantem

124 3211 261 3280 Deserc,’'
276 3212 426 3281 clamavit;
450 3221 469 3246 “
479 3212 570 3278 liceat,
605 3214 660 3271 uod
675 3222 788 3290 tangere
801 3220 925 3278 nonest,

121 3290 267 3366 Aspicere,
283 3299 311 3347 et
325 3291 426 3348 misero
440 3292 564 3366 praebere
578 3233 711 3348 dlimenta
723 3290 842 3348 furori.'’

123 3367 256 3446 Dumque
270 3367 357 3436 dolet,
371 3388 483 3446 summa
495 3379 601 3428 vestem
615 3367 733 3426 deduxit
746 3369 782 3425 ab
796 3387 854 3436 ors,

40 3495 43 3500 .
122 3445 264 3524 Nudaque
277 3447 440 3513 marmoreis
454 3449 593 3523 percussit
605 3456 720 3524 pectora
732 3445 845 3523 palmis.
1035 3451 1072 3507 75

122 3524 242 3583 Pectora
254 3531 402 3582 traxerunt
415 3534 529 3582 tenuem
542 3544 675 3601 percussa
688 3525 837 3582 ruborem:

121 3603 189 3661 Non
203 3603 293 3670 aliter,
309 3622 392 3677 quarn
407 3621 491 3680 poma
504 3602 604 3672 solent,
620 3622 684 3678 quae
697 3601 816 3662 candida
825 3609 914 3680 purte,
