2486 4172
490 224 650 264 erumna.

89 358 152 416 Nec
166 377 226 415 nos
242 356 406 433 sacrilegos
420 356 533 432 templis
546 356 721 414 admovimus
735 356 814 434 ignes
822 381 831 424 ;

127 437 196 494 Nec
210 455 267 494 cor
288 435 445 493 sollicitant
457 435 531 492 facta
544 435 666 492 nefanda
678 453 790 502 meum3

88 515 152 572 Nec
167 534 237 582 noe,
256 515 376 571 insanae
390 514 558 571 meditantes
575 512 670 590 jurgia
681 513 795 588 linguae,

127 593 233 669 Impia
248 593 286 648 in
303 593 436 650 adversos
450 592 584 650 solvimus
598 611 646 648 ora
659 591 745 648 deos:

86 671 127 728 Et
140 671 291 728 nondum
308 671 370 728 cani
382 671 477 746 nigros
490 670 584 726 laeserc
597 668 723 746 capillos,

128 749 197 807 Nec
211 749 306 806 venit
318 749 399 806 tardo
412 767 497 805 curva
510 756 621 805 senecta
635 747 714 823 pede.

85 828 235 884 Natalem
252 827 352 903 primo
366 835 495 884 nostrum
508 826 601 882 videre
614 833 753 901 parentes,

127 905 241 972 Quum
258 905 365 963 cecidit
377 905 435 962 sato
448 904 545 962 consul
558 912 675 980 uterque
689 904 758 981 pari.

85 983 171 1051 Quid
185 983 335 1040 fraudare
351 983 432 1061 juvat
445 983 530 1039 vitem
544 983 731 1040 crescentibus
746 982 816 1050 uvis,

128 1064 172 1119 Et
187 1062 289 1120 modo
303 1071 370 1118 nata
382 1061 455 1118 mala
467 1060 567 1118 vellere
581 1079 665 1136 poma
678 1059 785 1118 manul

87 1139 223 1208 Parcite,
242 1139 385 1216 pallentes
400 1138 488 1196 undas
502 1139 659 1216 quicunque
674 1139 784 1207 tenetis,

131 1218 288 1294 Duraque
302 1218 393 1274 sortiti
407 1217 490 1274 tertia
502 1236 588 1294 regna
601 1217 655 1274 dei.

88 1294 222 1372 Elysios
238 1295 312 1354 olim
325 1296 406 1353 liceat
418 1313 584 1372 cognoscere
598 1313 720 1372 campos,

134 1375 358 1450 Lethaeamque
371 1383 470 1441 ratem,
486 1372 705 1449 Cimmeriosque
720 1373 804 1441 lacuS,

92 1451 201 1518 Quum
218 1471 289 1508 mea
301 1470 403 1528 rugosa
415 1450 561 1528 pallebunt
574 1471 624 1509 ora
637 1460 756 1518 senecta,

134 1529 180 1587 Et
194 1531 325 1588 referam
339 1532 433 1606 pueris
447 1538 573 1605 tempora
586 1530 678 1606 prisca
691 1549 785 1587 senex.
918 1597 921 1601 ι

92 1608 201 1686 Atque
217 1609 331 1664 utinam
346 1627 416 1665 vano
429 1608 617 1684 nequidquam
630 1617 734 1664 terrear
747 1606 836 1665 aestul

137 1687 305 1763 Languent
319 1696 362 1743 ter
375 1686 474 1763 quinos
487 1686 537 1743 sed
550 1705 614 1742 mea
626 1685 752 1744 membra
765 1684 835 1742 dies

96 1766 141 1820 At
154 1766 247 1822 vobis
261 1765 363 1822 Tuscae
376 1764 552 1820 celebrantur
564 1763 680 1821 numina
692 1762 828 1840 lymphae,

142 1843 187 1900 Et
201 1842 297 1900 facilis
310 1841 385 1898 lenta
398 1841 512 1918 pellitur
524 1842 600 1899 unda
612 1861 708 1899 manu.

99 1920 206 1978 Vivite
221 1921 326 1986 felices,
341 1939 477 1976 memores
492 1928 519 1976 et
533 1920 617 1976 vivite
629 1919 727 1986 nostri,

146 1999 218 2056 Sive
233 1999 347 2064 crimus,
364 2017 413 2054 seu
426 2017 478 2054 nos
492 1997 551 2054 fata
563 1997 650 2054 fuisse
663 1997 766 2055 volent.

103 2078 227 2135 Interea
240 2077 335 2152 nigras
348 2075 467 2152 pecudes
481 2075 637 2150 promittite
651 2076 718 2143 Diti,

148 2157 192 2214 Et
205 2155 281 2213 nivei
293 2153 374 2212 lactis
388 2154 487 2231 pocula
501 2154 588 2210 mixta
602 2173 688 2211 mero.
