2534 4172
164 231 205 290 82
502 250 529 289 r.
552 249 659 290 ovrnrr
681 251 819 292 nasonia

205 381 288 450 Quod
304 381 381 440 Paria
395 389 423 440 et
437 381 594 450 Macareus,
609 389 638 440 et
651 383 726 459 quod
739 383 812 441 male
825 393 921 460 gratus
936 385 1029 453 lason,

244 461 449 538 Hippolytique
462 480 572 538 parens,
589 461 818 539 Hippolytusque
830 463 942 540 legant:

204 537 343 615 Quodque
357 547 454 596 tenena
468 538 595 596 strictum
608 539 684 597 Dido
696 540 862 599 miserabilia
875 561 970 598 ensem

243 616 335 681 Dicat,
349 624 378 674 et
392 617 489 675 AEolioe
504 617 602 674 Lesbia
615 617 705 674 amica
717 617 796 694 lyrae.

204 693 295 762 Quam
309 694 381 753 celer
392 714 407 753 c
420 701 482 752 toto
495 695 577 753 rediit
589 715 667 753 meus
681 696 747 753 orbe
761 696 890 764 Sabinus,
1114 703 1151 757 25

243 772 406 850 Scriptaque
420 772 537 830 diversis
550 773 646 830 retulit
658 773 705 830 ille
718 773 803 832 locis!

204 849 330 910 Candida
344 850 483 927 Penelope
497 849 608 928 signum
622 852 751 928 cognovit
766 851 875 909 Ulixis:

242 927 325 1005 Legit
337 928 373 986 ab
388 927 546 1006 Hippolyto
560 929 665 1004 scripte
677 948 796 987 noverca
809 949 870 988 suo.

203 1005 268 1065 Jarn
281 1006 345 1083 pius
358 1007 461 1064 AEneaa
474 1007 581 1064 miserae
595 1007 738 1083 rescripsit
753 1007 871 1066 Elissaee

241 1083 325 1152 Quod
345 1103 380 1142 ue
392 1084 468 1160 legat
481 1084 599 1160 Phyllis,
615 1085 639 1141 si
653 1085 736 1142 modo
749 1085 827 1154 vivit,
841 1085 937 1144 habet.

202 1161 303 1220 Tristis
316 1104 352 1220 al
365 1161 536 1238 Hipsipylen
550 1164 584 1219 ab
598 1163 699 1220 lisone
711 1162 792 1221 litera
805 1164 900 1221 venit:

242 1239 298 1297 Det
311 1246 404 1298 votam
419 1239 527 1299 Phoebo
541 1240 640 1298 Lesbis
653 1248 746 1298 amata
757 1241 858 1317 lyram.

202 1317 264 1376 Nec
277 1317 328 1375 tibi
343 1319 411 1393 (qua
424 1325 517 1376 tutum
532 1318 597 1386 vati,
613 1318 719 1386 Macer,
733 1337 811 1376 arma
824 1318 947 1392 canenti)

240 1395 352 1455 Aureus
365 1394 395 1453 in
408 1396 501 1454 medio
515 1395 608 1454 Marte
622 1404 731 1453 tacetur
743 1396 834 1455 Amor
944 1443 946 1449 A

201 1471 240 1531 Et
253 1472 332 1532 Paria
345 1482 388 1532 est
400 1473 466 1540 illie,
481 1482 509 1533 et
522 1473 656 1542 adultera,
671 1474 765 1532 nobile
778 1475 883 1533 crimen

242 1551 279 1609 Et
292 1570 385 1610 comes
398 1551 536 1610 exstincto
551 1551 704 1609 Laodamia
717 1553 787 1610 viro.

202 1627 232 1688 Si
245 1629 315 1688 bane
327 1635 355 1689 te
368 1629 451 1698 nori;
472 1648 529 1687 non
543 1629 615 1687 bella
629 1629 762 1687 libentius
776 1629 838 1688 istis

240 1707 319 1768 Dicis
330 1728 338 1768 a
359 1715 388 1767 et
401 1725 463 1767 mea
476 1707 576 1767 vestris
589 1707 620 1765 in
633 1726 650 1765 a
662 1715 754 1766 castra
767 1709 851 1768 redis.

62 1937 245 2098 qimi,
425 1977 470 2038 nr
491 1977 667 2038 Moerum
687 1977 877 2041 curtraci.

201 2155 351 2224 Psittacus,
366 2155 434 2214 Eois
447 2153 582 2213 imitatrix
596 2154 653 2212 ales
667 2155 702 2212 ab
716 2155 803 2224 indis,

239 2233 361 2304 Occidit,
376 2233 522 2311 exsequias
535 2233 573 2291 ite
586 2233 757 2310 frequenter,
773 2253 845 2292 aves.

201 2313 255 2380 Ita,
271 2312 325 2390 pia
338 2312 471 2380 volucres,
486 2319 515 2369 et
527 2310 651 2389 plangite
664 2320 777 2388 pectora
791 2312 905 2388 pennis3

240 2390 278 2448 Et
291 2390 380 2467 rigido
394 2397 504 2450 teneras
517 2408 611 2466 ungue
624 2395 719 2447 notate
733 2409 826 2468 genas.

201 2467 326 2527 Horrida
338 2487 389 2546 pro
402 2470 511 2526 ruoestis
525 2467 645 2525 lanietur
659 2467 754 2544 pluma
767 2467 894 2544 capillis3

241 2547 296 2606 Pro
308 2546 393 2624 longa
405 2554 535 2604 resonent
549 2545 672 2604 carmina
684 2555 778 2603 vestre
791 2547 868 2604 tuba.

182 2629 183 2634 ’
202 2623 277 2692 Quid
291 2624 382 2682 scelus
395 2623 505 2681 Ismarii
519 2623 650 2700 quereris,
667 2623 831 2694 Philomela,
847 2621 984 2701 tyrannii

240 2701 362 2780 Expleta
374 2709 417 2760 eat
430 2701 510 2758 annis
524 2702 579 2758 istc
591 2702 702 2777 querela
716 2701 783 2758 suis.

201 2779 286 2840 Alitis
298 2779 328 2836 in
342 2799 412 2838 rarae
425 2779 558 2836 miserum
572 2778 707 2836 devertite
719 2779 816 2836 funus.

241 2858 358 2933 Magna,
374 2856 423 2915 sed
437 2857 553 2934 antiqui,
568 2876 651 2915 causa
665 2857 767 2915 doloris
781 2857 853 2934 Itys.

202 2936 317 3004 Omnes,
333 2955 396 3012 qnae
409 2934 514 3012 liquido
527 2934 634 2993 libratis
647 2936 677 2992 in
690 2942 751 2993 aere
766 2953 882 3006 cursus;

240 3013 286 3072 Tu
299 3020 392 3071 tamen
405 3021 470 3070 ante
483 3011 559 3081 elias,
575 3020 669 3070 turtur
682 3013 778 3081 amice,
793 3013 865 3072 dole.

202 3091 289 3151 Plena
302 3091 356 3148 tuit
369 3090 448 3148 vobis
462 3089 539 3148 omni
551 3091 699 3148 concordia
712 3091 777 3158 vita,

241 3171 279 3227 Et
292 3169 370 3227 stetit
384 3168 420 3226 ad
433 3169 518 3224 finam
531 3167 615 3244 longe
627 3177 764 3244 tenaxque
779 3168 857 3225 fides.

201 3247 286 3316 Quod
299 3246 353 3304 fuit
365 3246 497 3323 Argolico
507 3244 618 3322 juvenis
633 3246 761 3303 Phoceus
775 3246 901 3303 Orestaer

242 3325 306 3383 Hoc
319 3324 380 3393 tibi,
396 3324 464 3381 dum
476 3323 565 3390 licuit,
582 3323 714 3389 Psittace,
729 3332 823 3381 turtur
836 3332 905 3380 erat.
1024 3377 1028 3384 .

203 3403 280 3470 Quid
293 3409 387 3460 tamen
400 3403 456 3460 ista
468 3398 558 3458 tidesl
579 3401 647 3477 quid
660 3402 715 3458 rari
727 3401 818 3458 forma
830 3399 950 3459 coloris?

242 3479 318 3548 Quid
331 3499 386 3537 vox
399 3478 541 3536 mutandis
554 3479 698 3554 ingeniosa
712 3478 807 3537 sonis?

204 3555 280 3622 Quid
290 3556 380 3632 juvat,
395 3564 427 3613 ut
441 3555 524 3613 datus
537 3574 574 3622 es,
590 3565 693 3613 nostrae
707 3555 842 3633 placuisse
855 3553 977 3636 puellae?

243 3633 344 3690 Infelix
357 3632 449 3690 arium
464 3631 560 3707 gloria,
576 3652 676 3709 nempe
685 3633 770 3711 jacea.
1113 3639 1151 3694 20
