2486 4172
185 171 219 228 18

214 865 423 963 Ulli*

506 183 534 224 0.
556 184 691 223 mann
710 183 847 223 cambam

259 320 299 378 Di
312 317 417 395 magni,
432 316 523 386 facite,
539 324 572 375 ut
585 336 649 375 vere
662 317 828 394 promittere
841 316 949 394 possit;

302 399 398 474 Atque
410 397 441 454 id
458 397 566 454 sincere
580 396 657 454 dicat
670 405 699 454 et
713 415 747 453 ex
760 396 857 452 animo
869 417 876 452 ι

261 477 302 534 Ut
314 477 397 534 liceat
410 475 491 533 nobis
504 483 565 532 tota
578 475 732 552 producere
745 475 804 531 vita

302 555 450 614 AEternum
465 553 519 613 hoc
534 564 639 613 sanctae
652 554 746 613 foedus
759 553 902 612 amicitiae.

644 782 717 840 XII.

633 953 721 992 ATYS·

303 1089 394 1164 Super
407 1087 465 1144 alta
478 1094 575 1145 vectus
590 1087 665 1164 Atys
678 1087 833 1145 celeritate
848 1086 944 1155 maria,

263 1167 422 1244 Phrygium
435 1175 468 1224 ut
482 1186 580 1224 nemus
594 1167 679 1224 citato
693 1167 794 1242 cupide
808 1167 879 1241 pede
893 1165 994 1244 tetigit,

262 1245 397 1322 Adiitque
410 1265 498 1321 opaca
511 1246 586 1302 silvis
600 1245 722 1302 redimiti
735 1245 796 1303 loca
810 1246 888 1303 deae:

263 1323 430 1382 Stimulatus
444 1323 484 1380 ibi
497 1323 602 1381 furenti
615 1324 700 1391 rabie,
715 1343 803 1400 vagus
818 1323 913 1392 animi,

263 1403 359 1460 Niveis
373 1403 459 1460 citata
472 1403 546 1478 cepit
560 1403 690 1460 manibus
703 1402 763 1460 leve
778 1410 954 1480 tympanum,

262 1482 453 1558 Tympanum,
468 1482 565 1539 tubam
581 1481 720 1559 Cybelles,
735 1491 792 1549 tua,
808 1481 911 1548 Mater,
925 1479 1015 1539 initia.

264 1560 455 1637 Quotiensque
470 1567 549 1636 terga
562 1561 635 1618 tauri
649 1560 751 1618 teneris
765 1580 833 1617 cava
846 1559 950 1636 digitis,

263 1639 371 1697 Canere
384 1640 446 1697 haec
460 1639 519 1697 suis
533 1637 631 1696 adorta
645 1648 688 1698 est
702 1639 887 1696 tremebunda
900 1635 1061 1696 comitibus.

303 1725 322 1750 “
331 1718 425 1795 Agite,
440 1718 479 1776 ite
493 1717 529 1775 ad
543 1718 608 1786 alta,
624 1717 722 1784 Gallae,
738 1716 858 1794 Cybeles
872 1735 986 1774 nemora
1000 1714 1095 1784 simul,

264 1796 355 1854 Simul
368 1797 416 1863 ite,
432 1796 619 1874 Dindymenae
633 1795 755 1852 dominae
768 1814 838 1870 vaga
851 1802 975 1872 pectora,
1144 1800 1188 1855 10

213 1879 217 1886 ’
263 1875 364 1933 Aliena
378 1893 441 1952 quae
454 1881 592 1950 petentes,
607 1873 685 1930 velut
699 1873 804 1938 exules,
819 1871 890 1940 loca,

264 1953 375 2011 Sectam
391 1971 480 2010 meam
495 1959 646 2019 exsecutae,
661 1951 732 2008 duce
745 1970 799 2019 me,
814 1950 886 2008 mihi
899 1949 1017 2008 comites

263 2031 407 2108 Rapidum
422 2029 512 2088 salum
525 2029 640 2097 tulistis,
655 2028 870 2164 truculentaspua
883 2029 984 2108 pelagi,

263 2109 301 2166 Et
314 2129 416 2187 corpus
430 2108 557 2166 evirastis
570 2109 689 2166 Veneris
703 2108 790 2166 nimio
803 2128 821 2166 o
841 2109 877 2177 io,

263 2188 391 2246 Hilarate
406 2187 481 2244 herae
494 2186 587 2245 citatis
602 2187 743 2244 erroribus
757 2187 893 2265 animum.
1142 2195 1182 2248 15

264 2267 347 2323 Mora
360 2266 441 2323 tarda
454 2275 548 2324 mente
562 2267 660 2324 cedat:
683 2267 767 2327 simul
781 2267 829 2336 ite,
844 2265 993 2344 sequimini

263 2343 417 2421 Phrygiam
430 2345 468 2404 ad
480 2345 596 2403 domum
611 2344 751 2423 Cybelles,
767 2347 892 2424 Phrygia
905 2345 942 2403 ad
955 2363 1071 2403 nemora
1085 2344 1159 2416 deae,

263 2423 322 2482 Ubi
335 2425 496 2502 cymbaldm
511 2435 592 2482 sonat
606 2444 669 2494 vox,
685 2425 735 2483 ubi
748 2433 884 2504 tympana
897 2425 1024 2492 reboant,

263 2502 379 2560 Tibicen
393 2503 442 2560 ubi
456 2503 531 2561 canit
545 2504 643 2581 Phryx
656 2523 742 2562 curro
756 2523 841 2580 grave
854 2503 971 2570 calamo,

263 2581 322 2639 Ubi
335 2581 428 2658 capita
442 2582 589 2640 Maenades
603 2581 631 2639 vi
640 2581 749 2658 jaciunt
762 2581 942 2656 hederigerae,
1137 2586 1180 2642 20

263 2660 322 2717 Ubi
335 2680 413 2718 sacra
426 2669 522 2718 sancta
535 2659 625 2722 acutis
639 2660 797 2717 ululatibus
811 2659 919 2734 agitant

263 2739 323 2796 Ubi
337 2739 427 2797 suevit
440 2738 489 2795 illa
502 2738 574 2796 divae
588 2738 705 2795 volitare
719 2757 790 2813 vaga
802 2737 922 2794 cohors:

264 2817 329 2884 Quo
342 2836 394 2874 nos
409 2816 488 2874 decet
501 2817 594 2874 citatis
608 2816 727 2874 celerare
742 2815 905 2892 tripudiis.'’

305 2895 396 2952 Simul
409 2895 472 2952 haec
485 2895 635 2952 comitibus
649 2894 724 2971 Atys
738 2893 838 2952 cecinit
852 2892 941 2951 notha
954 2893 1065 2960 mulier,

263 2973 386 3031 Thiasus
399 2981 515 3050 repente
528 2973 634 3050 linguis
647 2973 855 3050 trepidantibus
868 2972 967 3041 ululat,
1136 2980 1174 3034 25

264 3052 339 3110 Leve
352 3061 519 3130 tympanum
534 3052 664 3129 remugit,
676 3071 744 3110 cava
756 3051 884 3129 cymbala
897 3058 1054 3129 recrepant.

262 3130 390 3188 Viridem
405 3131 477 3188 citus
490 3129 550 3188 adit
563 3131 645 3188 Idam
659 3140 827 3208 properante
841 3130 913 3208 pede
926 3131 1041 3188 chorus.

264 3207 428 3268 Furibunda
442 3209 535 3279 simul,
551 3210 694 3287 anhelans,
709 3230 780 3287 vaga
792 3209 870 3267 vadit
883 3209 984 3267 animae
999 3227 1093 3286 egens,

264 3288 408 3347 Comitata
420 3297 556 3366 tympano
570 3290 653 3366 Atys,
669 3309 820 3366 peropaca
834 3307 949 3346 nemora
963 3287 1031 3355 dux,

262 3367 359 3425 Veluti
369 3367 488 3444 juvenca
501 3369 592 3425 vitans
605 3387 676 3426 onus
689 3368 827 3425 indomita
837 3366 909 3444 jugi.
1133 3372 1172 3427 30

264 3445 381 3523 Rapidae
395 3446 496 3504 ducem
510 3455 666 3524 sequuntur
680 3446 770 3504 Gallae
785 3444 1009 3523 properipedem.

265 3524 366 3600 Itaque
379 3533 412 3581 ut
426 3525 542 3582 domum
557 3524 688 3602 Cybelles
702 3525 819 3600 tetigere
833 3523 955 3591 lassulae,

264 3602 361 3660 Nimio
374 3621 390 3660 e
402 3603 497 3661 labore
510 3623 640 3662 somnum
655 3602 770 3680 capiunt
784 3602 843 3660 sinc
857 3602 968 3660 Cerere.
