2486 4172
186 157 226 222 30
560 171 650 213 anan
671 171 803 212 manem

226 304 293 362 Nile
306 311 395 382 pater,
411 324 532 383 quanam
545 305 657 384 possim·
665 313 694 364 te
708 305 799 364 dicere
812 324 906 374 cansa,

266 383 326 440 Aut
339 383 442 460 quibus
455 384 485 441 in
495 385 586 451 terris,
602 384 756 443 occuluisse
771 381 877 461 caputl

226 461 267 518 Te
281 471 396 538 propter
409 462 502 519 nullos
516 462 599 520 tellus
612 472 663 520 tua
671 463 796 539 postulat
810 463 923 530 imbres,

265 540 354 596 Arida
367 559 419 598 nee
432 541 529 617 pluvio
541 541 681 618 supplicat
695 541 782 598 herba
791 543 809 598 J
811 541 865 598 ovi.

226 619 266 675 Te
280 618 363 686 canit,
378 627 462 696 atque
476 639 558 676 suum
574 621 662 695 pubes
675 620 794 677 miratur
806 618 912 677 Osirim

265 697 398 766 Barbara,
414 698 596 774 Memphiten
609 699 741 774 plangere
755 698 839 756 docta
851 698 962 756 bovem.

227 775 341 832 Primus
355 782 448 832 aratra
460 795 547 833 manu
560 776 656 833 solerti
670 776 736 834 feeit
749 775 847 844 Osiris,

266 853 303 910 Et
317 861 442 911 teneram
456 854 530 912 ferro
544 853 702 912 sollicitavit
715 854 833 912 humum
849 879 857 923 ;

226 932 340 989 Primus
352 932 504 1008 inexpertae
518 931 660 990 commisit
673 933 780 991 semina
792 942 885 1000 terrae,

267 1009 410 1087 Pomaque
424 1029 480 1066 non
494 1011 568 1068 notis
582 1011 650 1087 legit
663 1012 699 1068 ab
709 1011 865 1069 arboribus,

227 1087 285 1145 Hic
299 1088 395 1144 docuit
408 1096 532 1146 teneram
546 1089 618 1166 palis
628 1089 780 1166 adjungere
793 1090 889 1158 vitem,

268 1165 324 1222 Hic
338 1165 456 1224 viridem
470 1166 540 1224 dura
553 1167 658 1225 caedere
671 1167 741 1226 falce
755 1187 875 1226 comam.

227 1243 274 1302 Illi
284 1243 425 1320 jucundos
439 1245 562 1321 primum
575 1255 686 1303 matura
699 1266 812 1323 sapores

267 1322 408 1398 Expressa
420 1323 533 1382 incultis
543 1343 602 1382 ‘uva
615 1324 694 1382 dedit
707 1325 836 1402 pedibus.

130 1469 134 1474 ι
228 1400 279 1458 Ille
292 1400 385 1477 liquor
397 1402 493 1459 docuit
508 1422 588 1460 voees
601 1403 743 1461 inflectere
756 1411 849 1470 cantu,

267 1479 360 1537 Movit
374 1487 403 1538 et
416 1481 452 1538 ad
465 1489 556 1539 certos
570 1483 663 1540 nescia
675 1482 802 1539 membra
814 1479 912 1538 modos
925 1501 933 1537 a

228 1557 359 1616 Bacchus
373 1565 401 1616 et
414 1559 543 1636 agricolae
557 1579 660 1636 magno
673 1560 801 1618 confecta
812 1560 906 1618 labore

268 1636 385 1694 Pectora
397 1638 519 1696 tristitiae
533 1637 711 1695 dissoluenda
723 1638 818 1696 dedit:

228 1715 357 1772 Bacchus
372 1724 400 1773 et
412 1717 523 1774 afflictis
536 1717 660 1793 requiem
674 1717 838 1774 mortalibus
852 1715 943 1784 affert,

269 1793 358 1852 Crura
370 1795 437 1853 lieet
451 1795 522 1852 dura
535 1794 670 1873 compede
682 1795 765 1871 pulsa
779 1801 889 1853 sonent.

229 1872 296 1930 Non
310 1873 362 1930 tibi
376 1880 443 1930 sunt
457 1873 551 1930 tristes
565 1893 650 1941 curae,
664 1893 716 1931 nec
730 1873 833 1941 luctus,
849 1870 934 1939 Osiri,

270 1951 326 2008 Sed
339 1951 442 2008 chorus
456 1961 484 2008 et
498 1960 605 2020 cantas,
621 1961 649 2008 et
662 1952 731 2011 levis
744 1959 828 2027 aptus
842 1969 930 2016 amor,

230 2029 286 2086 Sed
300 2029 368 2086 varii
381 2031 472 2099 flores,
487 2041 516 2087 et
528 2030 605 2088 srons
616 2030 746 2088 redimita
759 2029 909 2106 corymbis,

269 2109 344 2165 Fusa
357 2108 407 2168 sed
420 2109 456 2165 ad
471 2117 581 2166 teneros
594 2109 671 2167 lutea
683 2109 758 2185 palla
771 2108 865 2183 pedes,

230 2185 268 2244 Et
280 2185 374 2262 Tyriae
387 2194 488 2255 vestes,
504 2195 533 2245 et
547 2187 638 2244 dulcis
649 2188 719 2244 tibia
732 2195 824 2255 cantu,

268 2265 307 2322 Et
320 2266 388 2323 levis
402 2266 520 2324 occultis
533 2266 643 2324 conscia
656 2267 727 2324 cista
740 2265 835 2322 saeris.

231 2344 298 2401 Huc
311 2343 388 2413 ades,
402 2352 431 2401 et
445 2355 557 2402 centum
571 2345 645 2402 ludis
659 2344 836 2420 Geniumque
850 2343 960 2401 choreis

269 2422 448 2493 Concelebra,
464 2432 492 2480 et
505 2423 595 2481 multo
608 2431 737 2500 tempora
749 2422 836 2480 funde
848 2439 935 2480 mero.

230 2500 311 2558 Illius
324 2521 339 2558 e
353 2501 443 2558 nitido
456 2502 563 2560 stillent
576 2510 721 2578 unguenta
734 2501 843 2578 capillo,

269 2580 307 2636 Et
320 2581 412 2657 capita
425 2588 453 2638 et
467 2581 537 2638 eollo
551 2581 647 2638 mollia
660 2589 734 2638 serta
746 2586 836 2657 gerat.

231 2656 277 2718 sic
289 2659 384 2717 venias
397 2658 550 2728 hodierne3
571 2659 623 2715 tibi
637 2658 701 2716 dem
716 2659 785 2716 turis
798 2658 938 2724 honores;

270 2737 341 2794 Liba
347 2746 383 2795 ⁴et
396 2737 549 2816 Mopsopio
563 2737 655 2794 dulcia
667 2737 750 2794 melle
763 2737 861 2794 feram.

229 2814 271 2871 At
284 2815 337 2873 tibi
347 2825 502 2883 succrescat
515 2815 619 2892 proles,
634 2836 696 2890 quae
709 2817 783 2873 facta
796 2813 921 2891 parentis

269 2893 391 2970 Augeat,
406 2901 435 2951 et
449 2895 522 2951 circa
535 2901 592 2951 stet
604 2894 762 2952 veneranda
775 2913 881 2951 senem.

231 2971 292 3030 Nee
305 2979 397 3030 taceat
410 2973 668 3041 momentariae,
682 2992 767 3050 quem
781 2971 906 3031 Tuscula
919 2968 1002 3028 tellas

270 3051 453 3127 Candidaque
465 3051 581 3128 antiquo
594 3050 701 3109 detinet
712 3051 786 3108 Alba
800 3051 881 3108 Lare.

231 3130 362 3207 Namque
376 3130 477 3203 opibus
491 3139 625 3206 congesta
637 3130 693 3187 tuis
707 3130 753 3187 hie
766 3131 860 3206 glarea
873 3129 943 3185 dura

271 3208 419 3276 Sternitur,
434 3208 481 3266 hic
494 3217 560 3285 apta
569 3206 699 3286 juugitur
712 3217 771 3266 arte
782 3208 861 3266 silex.

231 3288 271 3344 Te
284 3296 366 3344 canet
379 3287 509 3364 agricola,
523 3307 539 3344 e
552 3307 654 3364 magna
666 3307 753 3363 quum
766 3286 872 3344 venerit
885 3283 954 3342 urbe

271 3365 365 3434 Serus,
380 3366 547 3424 inoffensum
561 3366 742 3443 retuleritque
756 3364 866 3442 pedem.

232 3445 273 3502 nt
286 3453 327 3512 tu,
344 3445 463 3510 Natalis,
479 3445 583 3502 multos
596 3445 759 3502 celebrande
769 3463 820 3519 per
833 3461 931 3510 annos,

272 3523 426 3584 Candidior
439 3542 550 3601 semper
564 3522 761 3600 candidiorque
775 3519 849 3581 veni.
