2538 4178
523 99 681 140 CARMINA·

149 233 281 310 Dumque
294 242 396 310 parant
409 241 485 291 torto
498 234 654 293 subducere
664 234 779 294 carbasa
790 234 857 304 lino,

188 313 350 370 Percutitnr
363 313 460 388 rapido
474 313 576 389 puppis
590 313 700 372 munna
713 314 800 382 Noto,

146 392 237 467 Inque
250 398 351 468 patens
365 409 469 468 aequor,
485 391 590 450 frustra
601 400 745 468 pugnante
757 393 902 470 magistro,
1058 396 1092 452 65

187 469 297 538 Fertur,
312 477 341 526 et
354 487 389 526 ex
402 469 490 527 oculis
504 469 564 526 visa
576 470 681 547 refugit
694 470 810 528 humus.

145 546 288 604 Assilinnt
301 548 414 615 fluctus,
428 548 541 622 imoque
554 567 572 606 a
583 549 695 626 gurgite
713 556 818 626 pontus

186 625 322 693 Vertitur,
337 634 366 684 et
379 646 463 684 canas
476 626 572 685 alveus
585 627 680 684 haurit
692 647 788 705 aquas,

145 702 276 762 Vincitur
289 723 335 762 ars
348 714 441 773 vento,
456 725 508 762 nec
517 707 578 782 jam
592 705 751 764 moderator
764 706 880 765 habenis

186 781 292 850 Utitur,
307 791 337 840 at
350 783 422 841 votis
435 783 482 840 vix
495 802 606 861 quoque
619 785 711 860 poscit
723 803 815 861 opem.
1055 789 1093 848 70

146 859 275 917 Jectatur
289 861 413 918 tumidas
426 862 507 918 exsul
522 862 670 920 Phoenissa
682 882 733 940 per
747 863 847 932 undas,

185 937 367 1015 Humidaque
381 940 512 1018 opposita
524 941 631 998 lumino
644 949 721 1000 veste
735 941 815 1018 tegit.

144 1015 219 1073 Tum
233 1017 356 1093 primum
371 1018 446 1076 Dido
460 1018 527 1076 felix
541 1028 586 1076 est
599 1019 674 1078 dicta
686 1021 785 1087 sorori,

184 1095 223 1151 Et
236 1115 410 1173 quaecuuque
423 1097 543 1174 aliquam
558 1116 673 1174 corpore
687 1100 789 1174 pressit
805 1099 935 1157 humum.

144 1172 255 1250 Figitur
267 1174 304 1230 ad
317 1176 444 1232 Laurens
457 1175 565 1252 ingenti
577 1175 689 1234 flamine
702 1176 783 1236 littus
1055 1182 1090 1236 75

185 1251 301 1328 Puppis,
318 1263 346 1310 et
359 1253 494 1330 expositis
508 1255 644 1312 omnibus
652 1254 754 1312 hausta
766 1255 849 1333 perit.

145 1328 165 1386 J
166 1349 211 1386 am
225 1331 289 1406 pius
302 1332 406 1389 AEueas
419 1351 506 1409 reguo
519 1343 642 1410 nataque
654 1333 749 1392 Latini

183 1407 295 1466 Auctus
309 1419 376 1478 erat,
392 1411 513 1487 populos
526 1411 731 1489 miscueratque
745 1412 826 1471 duos.
885 1441 887 1446 ·

144 1485 242 1544 Litore
255 1486 341 1546 dotali
355 1488 415 1548 solo
428 1488 579 1546 comitatus
593 1490 704 1548 Achate

185 1564 328 1624 Secretnm
342 1567 418 1624 nudo
433 1567 500 1627 dum
514 1568 586 1644 pede
599 1569 690 1646 carpit
701 1569 764 1638 iter,
935 1584 942 1598 ·
1051 1572 1090 1628 80

144 1643 257 1720 Aspicit
271 1654 419 1713 errantem,
434 1664 486 1703 nec
499 1647 611 1704 credere
625 1647 745 1705 sustinet
759 1648 872 1705 Annam

184 1721 265 1778 Esse.
306 1722 383 1789 Quid
395 1724 425 1781 in
439 1724 536 1782 Latios
549 1725 597 1782 illa
608 1725 716 1784 veniret
728 1723 833 1803 agrosl

144 1799 222 1857 Dum
236 1819 330 1858 secum
343 1802 457 1871 AEneas,
475 1809 494 1836 ‘⁴
504 1803 588 1866 Anna
601 1813 645 1862 est
654 1803 685 1861 l’'
701 1806 839 1863 exclamat
853 1803 995 1862 Achates:

183 1878 231 1936 Ad
244 1898 346 1938 nomen
360 1881 455 1938 vultus
469 1881 584 1939 sustulit
596 1882 645 1940 illa
658 1901 733 1940 suos.

144 1956 210 2024 Quo
223 1956 333 2034 fugiat?
355 1958 423 2036 qnid
437 1958 523 2035 agat?
544 1979 615 2036 quos
629 1970 711 2020 terrae
725 1969 834 2040 quaerat
846 1959 962 2019 hiatus?
1051 1965 1087 2021 85

184 2036 259 2094 Ante
274 2035 369 2094 oculos
384 2038 492 2096 miserae
505 2037 565 2096 iata
579 2039 682 2097 sororis
695 2049 785 2098 erant.

145 2113 239 2171 Sensit
253 2122 281 2171 et
294 2114 446 2192 alloquitur
459 2116 598 2193 trepidam
613 2117 782 2194 Cythereius
796 2119 899 2180 heros=

184 2191 247 2250 Flet
260 2200 356 2250 tamen
368 2193 515 2252 admonitu
527 2195 635 2263 mortis,
651 2196 752 2264 Elissa,
767 2206 834 2254 tuae.

144 2277 164 2303 “
174 2270 268 2338 Anna,
283 2289 334 2347 per
346 2271 421 2330 hanc
430 2272 504 2349 juro,
520 2293 604 2350 quam
618 2273 759 2350 quondam
773 2275 870 2333 audire
880 2275 989 2334 solebas

183 2349 324 2407 Tellurem
338 2348 397 2407 fato
411 2353 586 2428 prosperiore
600 2352 677 2420 dari;
1051 2357 1089 2413 90

144 2429 256 2503 Perque
270 2426 337 2485 deos
350 2430 476 2496 comites,
490 2430 544 2486 hac
557 2449 647 2506 nuper
660 2430 726 2488 sede
739 2430 855 2501 locatos,

185 2505 266 2582 Saepe
281 2525 357 2562 meas
370 2506 435 2564 illos
448 2508 619 2584 increpuisse
632 2528 734 2566 moras.

143 2584 206 2642 Nec
220 2584 302 2641 timui
315 2586 349 2642 de
363 2594 453 2642 morte
467 2595 581 2643 tamen:
603 2595 695 2644 metus
709 2587 800 2646 abfuit
813 2588 883 2647 iste:

184 2662 242 2719 Hei
255 2661 341 2720 mihil
361 2663 488 2721 credibili
500 2665 599 2722 fortior
611 2665 659 2722 illa
671 2665 735 2724 fuit.

143 2741 192 2797 Ne
205 2740 287 2798 refer.
329 2741 438 2818 Aspexi
451 2762 508 2799 non
521 2743 569 2800 illo
582 2751 695 2820 pectore
709 2745 795 2823 digua

183 2818 316 2884 Vulnera,
332 2821 480 2878 Tartareas
493 2841 579 2879 ausus
592 2823 689 2880 adesse
702 2823 811 2884 domos.

143 2895 185 2952 At
199 2904 240 2964 tu,
256 2917 305 2954 seu
317 2898 390 2955 ratio
403 2907 433 2955 te
445 2901 550 2956 nostris
564 2901 674 2978 appulit
687 2902 753 2971 oris,

185 2974 249 3032 Sive
263 2976 341 3046 dens,
356 2977 436 3053 regni
448 2979 596 3035 commoda
609 2999 692 3056 carpe
706 2982 771 3038 mei.

144 3051 241 3110 Multa
253 3055 305 3112 tibi
318 3075 465 3123 memores,
481 3055 521 3112 nil
531 3076 588 3114 non
601 3057 735 3118 debemus
749 3060 860 3118 Elissoe.

185 3133 308 3190 Nomine
321 3142 402 3210 grata
414 3141 473 3202 tuo,
489 3144 569 3210 grata
582 3137 694 3204 sororis,
709 3137 795 3197 eris.'’

144 3208 225 3266 Talia
239 3211 351 3280 dicenti,
367 3232 457 3288 neque
471 3214 545 3270 enim
560 3234 623 3290 spes
637 3215 724 3273 altera
738 3224 836 3284 restat,

185 3287 322 3358 Credidit,
337 3310 443 3348 errores
458 3293 640 3370 exposuitque
654 3313 730 3353 suas.

145 3367 242 3442 thue
257 3367 373 3426 domum
387 3370 501 3428 intravit
514 3372 615 3448 Tyrios
624 3371 724 3431 induta
736 3380 852 3451 paratus

185 3446 290 3524 Incipit
302 3447 407 3506 AEneas
420 3470 426 3507 :
449 3457 542 3508 cetera
554 3451 638 3508 turba
651 3451 724 3510 silet.
