2486 4172
520 195 677 235 canutus.

134 329 216 386 Nam
229 335 311 404 pater
324 333 353 383 et
366 325 449 384 tellus
459 325 538 403 justo
550 337 666 403 regnata
678 329 787 404 parenti

176 405 297 464 Prodita
311 411 377 461 suut
391 404 474 472 facto,
488 405 603 462 nomina
616 425 688 472 cara,
699 425 770 463 meo.

136 485 213 543 Cum
227 482 289 550 tibi,
305 502 340 540 ne
352 482 442 540 victor
456 491 530 540 tecto
543 502 682 540 morerere
695 503 818 551 recurvo,

176 563 252 628 Quae
265 569 394 637 regerent
407 579 516 637 passus,
532 580 583 636 pro
597 561 668 618 duce
681 561 728 618 fila
741 561 815 619 dedi.

136 640 213 699 Cum
227 638 299 695 mihi
313 637 432 706 dicebas,
449 644 468 670 “
478 638 532 696 Per
546 657 597 716 ego
610 639 672 715 ipsa
684 639 807 716 pericula
816 639 891 716 juro,

177 718 218 775 Te
232 716 301 784 fore,
317 715 386 773 dum
399 718 528 772 nostrum
542 717 615 774 vivet
628 725 754 794 uterque,
770 717 893 775 meam.'’

136 795 288 852 Vivimus:
310 802 338 851 et
352 813 409 851 non
424 813 495 862 sum,
511 795 630 858 Theseu,
645 802 712 861 tua;
735 795 856 853 simodo
870 794 948 865 viris,
1049 800 1084 860 75
1175 829 1178 833 ·

179 872 304 938 Femina,
319 871 425 948 perjuri
438 871 535 929 fraude
548 872 657 948 sepulta
671 872 732 929 riri.

136 951 189 1008 Me
204 968 322 1027 quoqne,
336 968 391 1025 qua
404 949 528 1017 fratrem,
543 958 703 1018 mactasses,
718 951 855 1026 improbe,
870 951 956 1020 olava,

178 1029 270 1095 Esset,
286 1046 370 1104 quam
383 1027 509 1095 dederas,
524 1036 614 1086 morte
628 1027 719 1086 soluta
732 1029 813 1087 fides.

137 1107 225 1164 Nunc
239 1125 290 1182 ego
302 1124 360 1161 non
373 1111 493 1172 tantum,
509 1125 573 1181 quse
587 1124 650 1162 sum
664 1125 788 1182 passura,
804 1101 953 1166 reo'ordorr

179 1183 235 1240 Sed
248 1201 431 1260 quaecumque
444 1191 538 1260 potest
551 1182 609 1240 ulla
621 1183 717 1241 relicta
729 1185 799 1260 pati.
1046 1190 1084 1244 80

138 1263 301 1321 Occurrunt
314 1260 408 1317 animo
421 1260 550 1337 pereunti
562 1261 639 1319 mille
652 1263 768 1338 ligurae:
866 1314 869 1322 ,

180 1340 315 1416 Morsque
329 1338 422 1394 minus
436 1358 538 1414 poenae,
553 1358 636 1414 quarn
651 1358 729 1396 mora
741 1340 849 1408 mortis,
863 1340 960 1398 habet.

139 1418 205 1477 Jam
216 1417 274 1494 jam
289 1425 422 1474 venturos
436 1425 485 1474 aut
499 1417 552 1474 hac
565 1425 614 1474 aut
628 1416 755 1493 suspicor
766 1418 840 1486 illae,

179 1495 237 1562 Qui
249 1495 354 1552 lanient
367 1494 448 1552 avido
461 1495 567 1552 viscera
579 1493 671 1561 dente,
686 1495 779 1570 lupos.

139 1573 271 1632 Forsitan
287 1580 314 1629 et
328 1573 418 1629 fulvos
432 1571 517 1630 tellus
530 1571 587 1629 alat
600 1573 654 1630 istu
666 1573 770 1632 leones.
1046 1577 1082 1632 85

179 1650 251 1718 Quis
265 1651 317 1707 soit
330 1670 366 1707 an
379 1649 440 1706 haeo
453 1669 540 1707 saevas
554 1649 671 1726 tigridas
684 1650 776 1708 insula
787 1648 894 1710 habeti

138 1730 178 1786 Et
192 1730 263 1784 freta
276 1727 407 1785 dicuntur
418 1745 535 1802 magnas
548 1727 685 1804 expellere
698 1728 813 1804 phocas.

180 1805 256 1873 Quid
270 1814 349 1863 vetat
363 1812 391 1862 et
404 1804 512 1881 gladios
524 1824 575 1881 per
587 1805 662 1864 latus
675 1805 715 1862 ire
728 1803 843 1864 meum?

138 1884 263 1941 Tantum
276 1903 312 1940 ne
325 1882 426 1958 religer
438 1882 508 1940 dura
521 1883 631 1958 captiva
643 1890 760 1940 eatena:

180 1962 258 2018 Neve
271 1961 381 2018 traham
395 1979 474 2018 serva
486 1960 603 2036 grandia
616 1980 702 2036 pensa
714 1980 819 2019 manu:

139 2039 194 2096 Cui
208 2047 286 2114 pater
300 2046 343 2096 est
356 2038 462 2105 Minos,
477 2038 520 2094 eui
535 2045 626 2096 mater
639 2038 697 2096 filia
710 2039 828 2100 Phoebi:
842 2093 844 2098 .

179 2115 317 2192 Quodque
330 2115 420 2191 magis
432 2115 556 2184 memini,
571 2136 635 2193 quse
648 2115 701 2173 tibi
713 2125 796 2193 pacta
808 2117 860 2179 fuit

139 2195 169 2252 Si
183 2213 268 2262 mare,
284 2193 309 2251 si
321 2201 418 2258 terras,
432 2201 614 2270 porrectaque
627 2193 709 2252 litora
721 2194 787 2264 vidi,

180 2271 274 2328 Multa
286 2271 358 2328 mihi
371 2278 463 2338 terrae,
478 2272 568 2328 multa
582 2271 724 2330 minantur
737 2291 827 2349 squas

139 2349 250 2406 Coelum
265 2349 406 2406 restabat:
428 2349 514 2407 timeo
528 2349 676 2407 simulacra
689 2349 823 2408 deorume
1045 2353 1081 2410 95

179 2426 325 2484 Destituor
338 2427 441 2504 rapidis
455 2426 550 2504 praeda
563 2427 695 2504 cibusque
708 2427 785 2484 feris.

139 2505 203 2562 Sive
217 2505 312 2562 colunt
324 2505 510 2582 habitantque
523 2505 583 2574 viri,
599 2504 753 2562 diffidimus
766 2501 839 2562 illisi

179 2583 316 2640 Externos
330 2582 416 2640 didici
427 2582 496 2640 laesa
505 2582 605 2640 timere
617 2585 701 2641 viros.

138 2661 252 2717 Viveret
263 2660 429 2736 Androgeos
443 2661 551 2717 utinam
564 2682 572 2718 ε
593 2680 643 2718 neo
656 2660 731 2719 faeta
743 2659 843 2718 luisses

179 2737 271 2814 lmpia
283 2738 435 2806 funeribus,
451 2737 569 2814 Cecropi
582 2746 665 2803 terra,
680 2737 752 2796 tuis!
1028 2739 1083 2794 100

140 2816 167 2874 N
170 2836 200 2873 eo
214 2824 264 2872 tua
276 2823 427 2874 mactasset
439 2816 546 2873 nodoso
559 2815 663 2892 stipite,
677 2817 799 2884 Theseu,
826 2871 829 2880 ,

177 2893 276 2950 Ardua
289 2902 368 2970 parte
381 2893 473 2950 virum
487 2894 611 2961 dextera,
625 2901 704 2970 parte
717 2894 834 2951 bovem!

138 2971 201 3028 Neo
213 2971 275 3036 tibi,
289 2991 353 3048 quae
367 2971 473 3028 reditus
486 2978 682 3039 monstrarent,
697 2971 745 3028 fila
757 2971 938 3030 dedissem-'-

179 3048 239 3106 Fila
252 3068 301 3125 per
315 3048 450 3108 adductas
465 3068 538 3126 saepe
552 3057 663 3126 recepta
675 3047 791 3106 manus!

139 3127 207 3184 Non
221 3127 350 3203 equidem
364 3127 460 3196 miror,
475 3127 499 3184 si
514 3133 570 3184 stat
583 3126 699 3184 victoria
712 3134 817 3192 tecum,
1028 3125 1081 3199 105

178 3204 326 3281 Strataque
339 3204 479 3262 Cretaeam
492 3203 584 3262 bellua
597 3204 696 3262 stravit
708 3204 838 3271 humum,

139 3282 205 3339 Non
219 3290 349 3358 poterant
361 3282 411 3360 figi
424 3281 578 3359 proeoordia
590 3281 679 3339 ferrea
691 3300 778 3344 samu
790 3301 797 3342 r

178 3359 220 3417 Ut
233 3369 260 3417 te
273 3379 330 3416 non
343 3368 460 3436 tegeres,
474 3367 587 3436 pestore
599 3367 678 3421 tutus
692 3367 760 3421 erat,

140 3436 202 3494 Illio
214 3445 246 3494 tu
260 3437 359 3506 silices,
370 3437 428 3495 illic
441 3436 589 3494 adamanta
602 3435 711 3493 tulisti:

177 3515 249 3584 Illic,
263 3514 312 3593 qui
326 3515 424 3583 silices,
438 3514 548 3572 Thesea
560 3515 661 3582 vineat,
676 3513 774 3572 habes.
