2486 4172
489 179 648 221 cantatus.

107 314 175 372 Non
188 313 308 390 ingrata,
322 320 418 371 tamen
431 311 543 380 frustra,
560 311 728 370 munuscula
741 310 813 372 divis

107 393 292 459 Promittens,
307 392 393 449 tacito
407 391 555 468 suspendit
569 399 634 448 rota
647 390 756 449 labello.

108 472 184 528 Nam
198 470 317 527 velutin
331 488 441 528 summo
454 469 627 547 quatientem
642 469 756 528 brachia
768 471 863 529 Tauro
1073 536 1077 550 ,
1104 525 1107 534 .

108 549 261 616 Quercum,
276 557 325 608 aut
338 549 497 624 conigeram
511 547 626 605 sudanti
640 566 757 624 corpore
771 549 879 625 pinum,
1025 554 1062 610 50
1074 551 1099 590 ’Λ
1112 541 1178 584 “’“

107 627 270 685 Indomitus
283 626 367 684 turbo
378 636 565 703 contorquens
580 625 693 683 fiamine
707 627 793 684 robur

108 704 211 762 Eruit:
232 705 280 762 illa
292 705 389 780 procul
403 705 543 761 radicibus
557 705 706 762 exturbata

108 783 204 841 Prona
217 783 301 850 cadit,
316 783 427 860 lateque
441 789 470 839 et
483 783 610 840 cominus
623 783 705 840 obvia
719 783 867 859 frangens:
894 817 918 832 ι-
935 795 989 838 rso

108 861 155 918 Sic
170 861 279 918 domito
293 881 398 918 saevum
412 860 564 936 prostravit
578 880 692 936 corpore
705 861 833 919 Theseus

109 938 314 1016 Nequidquam
329 940 406 996 vanis
417 939 570 1016 jaetantem
586 958 690 996 cornua
702 940 803 997 ventis.
1024 944 1060 998 55

109 1018 183 1075 Inde
203 1017 304 1094 pedem
318 1037 415 1094 sospes
428 1018 519 1074 multa
532 1037 596 1074 cum
611 1017 692 1075 laude
706 1018 825 1084 reflexit,

109 1095 280 1154 Errabunda
292 1115 390 1172 regens
403 1096 481 1152 tenni
495 1095 613 1174 vestigia
626 1096 692 1163 filo;
822 1157 826 1163 ,

110 1175 156 1231 Ne
169 1174 356 1249 labyrintheis
371 1194 385 1232 e
399 1174 518 1231 flexibus
532 1173 719 1250 egredientem
770 1170 777 1225 i
791 1200 794 1214 ‹
813 1212 820 1224 ,

110 1252 193 1309 Tecti
206 1251 388 1309 frustraretur
401 1251 614 1310 inobservabilis
627 1271 712 1310 error.

112 1330 168 1387 Sed
182 1330 251 1407 quid
265 1350 355 1406 ego,a
369 1330 459 1407 primo
474 1331 616 1406 digressus
630 1331 760 1398 carmine,
771 1330 854 1407 plura

111 1407 361 1466 Commemorem?
382 1419 414 1465 ut
427 1408 556 1486 linquens
570 1409 704 1485 genitoris
718 1409 775 1466 filia
788 1409 908 1476 vultum,

112 1486 154 1544 Ut
167 1487 383 1564 consanguineae
397 1487 584 1564 complexum,
599 1496 631 1544 ut
645 1485 764 1564 deniqne
777 1488 885 1556 matris,
969 1554 973 1563 ι

112 1565 186 1631 Quae
199 1565 303 1626 misera
315 1565 344 1621 in
358 1575 423 1622 nata
436 1565 513 1621 flevit
523 1565 676 1642 deperdita,
692 1564 760 1623 laeta
769 1555 788 1618 l»
797 1559 872 1618 slsis
912 1569 916 1614 ἵ
934 1598 939 1608 ·

113 1644 255 1701 Omnibus
269 1643 313 1700 his
327 1643 429 1700 Thesei
443 1642 552 1700 dulcem
566 1643 730 1720 praeoptarit
740 1642 884 1700 amorem?

112 1721 173 1779 Aut
186 1732 220 1779 ut
230 1731 310 1780 vecta
322 1722 390 1778 ratis
405 1741 537 1798 spumosa
550 1722 586 1778 ad
599 1721 682 1778 litora
695 1719 777 1778 Diael

113 1799 173 1857 Aut
186 1809 220 1858 ut
234 1819 295 1857 eam
309 1799 383 1857 tristi
397 1799 553 1858 devinctam
567 1800 674 1857 lumina
691 1817 789 1858 somno

21 1901 22 1904 ¹
113 1877 242 1954 Liquerit
254 1879 412 1936 immemori
426 1879 571 1936 discedens
584 1887 700 1955 pectore
710 1877 834 1956 conjux?

114 1955 196 2033 Saepe
209 1957 286 2014 illam
301 1957 449 2033 perbibent
462 1956 572 2014 ardenti
586 1957 668 2014 corde
681 1957 821 2016 furentem
860 1929 869 2008 l
884 1951 909 1991 l*
926 1935 936 1976 ⁸

116 2033 276 2093 Clarisonas
288 2035 346 2092 imo
358 2035 464 2092 fudisse
478 2055 493 2092 e
506 2044 619 2111 pectore
631 2054 721 2103 voces,

113 2117 232 2170 Actum
245 2123 404 2190 proeruptos
417 2114 525 2170 tristem
540 2113 725 2171 conscendere
738 2122 857 2181 montes,

114 2191 198 2250 Unde
212 2193 298 2250 aciem
313 2192 447 2268 in’pelagi
460 2201 553 2250 vastos
567 2191 744 2268 protenderet
758 2202 862 2251 aestus:

115 2269 188 2327 Tum
203 2271 317 2328 tremuli
331 2270 395 2328 salis
407 2271 537 2327 adversas
551 2289 712 2347 procurrere
725 2271 754 2327 in
768 2270 859 2328 undas

115 2347 216 2406 Mollia
229 2350 344 2406 nudatae
358 2349 501 2405 tollentem
517 2349 641 2425 tegmina
654 2368 746 2407 surae:
834 2343 845 2405 l
863 2347 893 2394 ²1¹·

115 2427 210 2504 Atque
224 2427 285 2484 haec
305 2427 436 2484 extremis
450 2436 580 2484 moestam
595 2427 697 2486 dixisse
711 2426 840 2503 querelis,

116 2505 275 2582 Frigidulos
290 2505 346 2562 udo
359 2505 499 2582 singultus
513 2524 560 2562 ore
573 2505 691 2562 cientem
705 2527 712 2562 ι

118 2583 255 2641 “Siccine
275 2603 320 2640 me
333 2583 431 2660 patriis
444 2591 577 2650 avectam,
593 2583 708 2660 perfide,
723 2583 759 2639 ab
774 2581 838 2652 oris,

116 2660 237 2730 Perfide,
253 2662 363 2719 deserto
377 2662 482 2738 liquisti
495 2662 523 2718 in
537 2661 627 2730 litore,
642 2661 774 2719 Theseu?
892 2717 908 2729 „„

21 2783 22 2790 ι
117 2738 226 2798 Siccine
241 2740 395 2806 discedens,
410 2741 537 2816 neglecto
550 2740 665 2797 numine
678 2739 783 2806 diutim,
822 2754 824 2764 ·
876 2737 887 2765 ’“

118 2817 281 2886 Immemor,
297 2818 349 2875 ahl
368 2818 471 2875 devota
485 2819 599 2876 domum
613 2817 735 2895 perjuria
748 2815 867 2895 portasi

117 2895 241 2954 Nullane
255 2917 299 2954 res
312 2897 406 2973 potuit
419 2895 538 2953 crudelis
552 2897 663 2954 flectere
677 2897 778 2954 mentis

118 2973 296 3033 Consilium?
318 2975 369 3032 tibi
382 2975 458 3032 nulla
471 2975 526 3032 fuit
535 2974 683 3032 clementia
695 2983 808 3052 praesto,

118 3051 233 3110 Immite
247 3062 279 3109 ut
292 3052 381 3110 nostri
394 3053 476 3110 vellet
489 3053 633 3111 mitescere
647 3051 765 3128 pectusl

118 3130 229 3188 Atrion
243 3131 305 3189 haee
319 3131 460 3208 quondam
474 3132 554 3188 nobis
567 3132 705 3208 promissa
718 3131 821 3189 dedisti
861 3129 864 3144 '

118 3207 212 3267 Voce:
235 3210 305 3266 milri
318 3230 374 3266 non
388 3211 442 3268 hoc
455 3210 564 3266 miserae
578 3229 689 3286 sperare
699 3209 836 3286 jubebas:

120 3286 175 3345 Sed
189 3288 328 3346 connubia
341 3288 415 3355 laeta,
432 3288 481 3345 sed
494 3297 606 3364 optatos
620 3288 800 3364 hymenaeos:

120 3363 190 3430 Quae
204 3375 305 3424 cuncta
319 3367 385 3424 atrii
399 3367 561 3441 discerpunt
573 3367 653 3424 irrita
665 3366 751 3423 venti,

119 3441 183 3500 dam
195 3445 253 3521 jam
269 3446 347 3501 nulla
360 3445 418 3502 viro
429 3445 535 3522 juranti
550 3444 666 3502 foemina
679 3443 782 3510 credat,
962 3499 970 3512 ,

120 3519 207 3580 Nulla
220 3523 272 3579 viri
286 3535 379 3600 speret
393 3542 534 3579 sermones
549 3542 609 3580 esse
623 3521 738 3580 fideles:
868 3531 879 3580 t
942 3528 960 3565 *v

121 3597 186 3669 Qui,
202 3601 269 3658 dum
284 3602 388 3679 aliquid
401 3601 518 3678 cupiens
532 3602 642 3658 animus
656 3600 802 3678 praegestit
816 3599 912 3676 apisci,
