2534 4172
551 144 710 186 caunum.

176 281 283 350 “Quid
295 280 357 338 vult
369 280 464 358 palma
477 279 530 338 sibi
543 298 699 356 rugosaque
714 279 834 346 carica,”
851 279 918 348 dixi,

216 369 235 394 ⁴⁴
245 361 283 417 Et
297 359 363 416 data
376 359 427 416 sub
442 359 523 416 niveo
535 357 655 416 eandida
667 359 752 416 mella
764 357 834 416 uado
844 357 877 416 T'

176 446 197 472 ‘⁴
207 438 331 506 Omen,”
347 438 395 506 ait,
412 445 431 470 ⁴⁴
442 457 526 494 causa
538 444 591 504 est,
605 444 696 494 utres
710 455 793 513 sapor
806 436 853 494 ille
867 443 1009 514 sequatur,

214 519 253 575 Et
266 524 383 594 peraget
397 523 522 592 ooeptum
537 515 627 574 duleis
640 523 674 572 ut
687 535 777 572 annus
789 515 875 572 iter.''

176 604 196 630 ⁴⁴
205 595 308 654 Dnloia
320 615 370 653 our
384 593 486 654 dentur
499 593 599 662 video;
622 594 704 669 stipis
718 593 807 671 adjice
820 613 943 662 oausam,

216 676 286 732 Pars
300 674 371 730 mihi
385 673 419 730 de
433 673 506 730 festo
519 691 555 730 ne
568 673 644 748 lebet
657 671 811 740 ullatuoss'

176 753 259 820 Risit,
275 759 312 820 et,
330 752 386 809 ⁴⁴0
400 770 485 828 quam
499 760 527 808 te
541 749 642 808 fallunt
657 758 706 808 tua
720 745 846 819 secula,’'
861 749 941 818 dixit,

106 845 111 854 ·
217 839 236 864 ⁴⁴
245 831 303 898 Qui
317 831 389 904 stipe
402 829 457 886 mel
472 835 585 904 sumpta
599 829 709 886 dulcius
723 848 784 886 esse
798 829 897 904 putes!

175 910 232 968 Vix
247 928 299 985 ego
314 909 435 966 Saturno
446 927 616 985 quemquam
629 915 767 982 regnante
780 907 919 976 videbam,
1067 911 1121 964 105

215 987 306 1065 Cujus
319 1007 375 1044 non
390 986 484 1044 animo
497 985 590 1042 doleia
603 987 679 1044 luera
692 985 795 1044 forent.

175 1069 315 1142 Tempore
328 1065 414 1122 crevit
427 1084 514 1133 amor,
529 1064 578 1141 qui
591 1084 667 1122 nunc
679 1071 723 1122 est
736 1083 873 1134 summus,
887 1063 1029 1122 habendi:

216 1145 272 1201 Vix
286 1145 361 1201 ultra
374 1163 430 1220 quo
441 1142 501 1219 jam
515 1142 712 1220 progrediatur
726 1142 824 1202 habet.

176 1224 270 1282 Pluris
283 1241 351 1298 opes
364 1241 439 1278 nuno
454 1229 521 1278 sunt
535 1240 620 1298 quarn
634 1221 718 1296 prisci
732 1221 869 1298 temporis
882 1221 972 1288 anuis,

208 1301 294 1359 ·])um
308 1301 431 1378 populus
445 1319 560 1376 pauper,
575 1299 644 1358 dum
658 1317 731 1357 nova
744 1299 836 1358 Roma
847 1300 911 1367 fuit,

176 1382 254 1439 Dum
268 1398 332 1437 oasa
346 1378 535 1454 Martigenam
550 1378 677 1454 capiebat
691 1397 777 1454 parva
790 1378 950 1446 Quirinum,

195 1524 199 1532 ‚
217 1460 255 1516 Et
270 1457 354 1515 dabat
368 1457 501 1534 exiguum
515 1455 640 1514 fluminis
654 1456 720 1513 ulva
733 1465 838 1515 torum.

176 1537 289 1614 Jupiter
303 1546 422 1612 angusta
434 1535 481 1592 vix
494 1543 573 1592 totus
586 1535 679 1593 stabat
691 1534 722 1590 iu
735 1535 804 1603 aede,

216 1617 307 1692 Inque
321 1615 401 1682 «Iovis
415 1613 515 1673 dextra
527 1613 612 1670 fietile
626 1613 734 1670 fulmen
747 1621 816 1670 erat.

176 1693 335 1752 Frondibue
348 1693 494 1760 ornabant,
509 1712 574 1769 quae
587 1711 663 1749 nuno
677 1691 818 1766 Capitolia
830 1690 960 1767 gemmis,

216 1772 407 1847 Pascebatque
422 1789 487 1828 suas
500 1769 560 1846 ipse
575 1778 688 1828 senator
701 1789 785 1837 oves;

176 1851 238 1909 Neo
252 1851 343 1926 pudor
355 1850 385 1906 iu
399 1849 504 1925 stipula
516 1847 654 1924 placidam
668 1848 775 1924 cepisse
788 1845 922 1924 quietem,

216 1930 253 1986 Et
268 1929 374 1986 foenum
389 1926 475 2004 capiti
488 1927 669 2004 supposuisse
682 1926 748 1984 fuit.

176 2008 247 2067 Jnra
261 2007 345 2064 dabat
358 2007 471 2082 populis
483 2006 579 2082 posito
593 2005 678 2062 modo
692 2011 797 2081 praetor
811 2011 913 2070 aratro,
927 2049 928 2054 ,

216 2086 254 2142 Et
267 2085 335 2142 levis
349 2084 457 2160 argenti
470 2083 574 2140 lamina
586 2083 692 2142 crimen
706 2093 775 2140 erat.

176 2165 217 2222 At
230 2172 381 2241 postquam
395 2163 521 2220 Fortuna
534 2161 588 2218 looi
601 2169 687 2238 caput
700 2161 801 2219 extulit
813 2159 909 2237 hujus,
945 2179 947 2184 ’

216 2243 254 2299 Et
267 2241 361 2318 tetigit
375 2260 500 2299 summos
513 2239 618 2298 vertice
632 2241 724 2298 Roma
738 2240 824 2307 deos;

176 2321 333 2380 Creverunt
347 2328 377 2378 et
390 2339 467 2396 opes,
483 2325 511 2376 et
524 2339 611 2394 opum
626 2318 730 2375 furiosa
743 2317 856 2394 cupido,

216 2401 262 2467 Et,
279 2419 366 2477 quum
380 2397 543 2474 possideant
556 2395 685 2473 plurima,
701 2397 783 2474 plura
797 2394 905 2452 volunt.

177 2479 309 2546 Quaerere
322 2484 354 2534 ut
367 2477 526 2544 absumant,
541 2476 693 2552 absumpta
706 2473 844 2550 requirere
858 2479 985 2541 certant3

216 2557 310 2632 Atque
323 2556 392 2633 ipsae
406 2555 482 2612 vitiis
497 2564 564 2611 suut
577 2554 711 2612 alimenta
723 2554 808 2610 vices.

177 2635 213 2692 In
228 2634 318 2709 pretio
332 2633 454 2710 pretium
469 2651 544 2690 nune
557 2641 618 2700 est;
640 2633 690 2689 dat
703 2651 804 2690 census
817 2630 947 2697 honores,

220 2713 329 2770 Census
343 2712 498 2769 amicitias:
520 2730 628 2788 pauper
641 2711 745 2786 ubique
755 2708 840 2786 jacet.

175 2791 221 2848 Tu
235 2799 338 2854 tamen,
353 2790 510 2865 auspicium
524 2809 574 2846 cur
589 2791 625 2846 sit
640 2789 721 2865 stipis
735 2789 812 2855 utile,
829 2786 943 2864 qnaeris,

101 2871 103 2875 ’
217 2869 329 2946 Ourque
340 2868 441 2946 juvent
454 2876 564 2925 nostras
579 2887 634 2925 aera
646 2873 758 2924 vetusta
768 2885 879 2924 manus,
1072 2866 1126 2920 130

175 2948 245 3006 AEra
258 2947 362 3005 dabant
376 2947 461 3014 oiim;
482 2946 583 3004 melius
596 2965 671 3002 nunc
684 2965 767 3002 omen
780 2945 809 3002 in
824 2963 891 3002 auro
906 2952 957 3009 est,

215 3027 353 3104 Victaque
368 3023 496 3083 concedit
509 3024 600 3100 prisea
612 3031 727 3082 moneta
740 3041 829 3081 novae.

176 3105 239 3162 Nos
253 3124 363 3183 quoque
376 3104 482 3181 templa
491 3103 600 3180 juvant,
615 3102 743 3180 quamvis
755 3101 872 3177 antiqua
884 3099 1044 3176 probemus,

216 3184 328 3249 Aurea;
350 3182 482 3258 majestas
496 3181 627 3239 convenit
640 3182 696 3238 ista
709 3181 772 3237 deo,

177 3261 339 3320 Laudamus
352 3269 469 3328 veteres,
485 3262 534 3317 sed
548 3259 651 3318 nostris
665 3259 773 3316 utimur
786 3256 884 3322 annis3
1072 3256 1125 3310 135

216 3340 283 3396 Mos
297 3347 392 3396 tamen
405 3346 449 3396 est
462 3358 542 3415 aeque
556 3337 659 3414 dignus
672 3347 790 3412 uterque
803 3334 888 3393 ooli.'’

177 3416 301 3476 Finierat
314 3418 438 3476 monitus
449 3442 456 3486 ;
478 3417 595 3494 placidis
609 3417 650 3474 ita
662 3434 771 3483 rursus
786 3421 819 3471 ut
832 3419 907 3478 aute,

216 3497 395 3574 clavigerum
408 3496 500 3554 verbis
514 3495 640 3572 alloquor
653 3494 715 3571 ipse
729 3493 824 3552 deum.
