2486 4172
444 206 603 246 CARMINA·

98 334 158 397 Sola
165 339 225 408 eris,
241 348 270 396 et
284 339 359 397 solos
374 340 519 415 spectabis,
535 338 668 416 Cynthia,
686 345 803 406 montes,

131 419 268 496 Etpecus‚
284 427 314 474 et
335 419 406 474 lines
419 418 549 494 pauperis
562 417 700 494 agricolae.

97 495 153 553 Illic
165 505 191 553 te
204 497 275 554 nulli
290 504 425 572 poterunt
437 515 613 572 corrumpere
627 495 694 562 ludi,

130 575 268 652 Fanaque‚
284 574 408 651 peccatis
422 575 542 649 plurima
555 593 639 631 cansa
652 575 718 630 tuis.

96 651 152 708 Illic
164 653 276 710 assidue
290 661 388 709 tauros
403 653 541 727 spectabis
556 663 674 718 arantes,

130 730 266 787 Etutam
281 731 366 787 docta
379 749 481 806 ponere
495 731 565 787 falce
578 749 681 787 comas.

94 807 182 884 Atque
195 809 236 865 ibi
249 827 315 866 rara
328 809 400 865 feres
412 808 517 864 inculto
532 817 595 864 tura
613 807 722 874 sacello,
795 877 800 884 Ι

130 885 241 943 Hoedus
256 887 307 942 ubi
319 894 442 962 agrestes
455 895 564 943 corruet
578 895 642 944 ante
656 886 749 953 focos3

94 962 222 1022 Protinus
236 971 265 1021 et
279 964 356 1020 nuda
369 964 483 1020 choreas
497 965 641 1021 imitabere
656 983 729 1030 sura,

130 1041 233 1098 Omnia
247 1043 284 1098 ab
299 1050 413 1098 externo
428 1042 484 1098 siut
499 1042 582 1099 modo
595 1051 658 1098 tuta
671 1042 753 1098 viro.-

93 1118 156 1194 Ipse
169 1139 222 1195 ego
235 1121 369 1178 venabor.
410 1120 475 1177 Jarn
488 1139 563 1176 nunc
576 1139 621 1176 mc
635 1139 712 1176 sacra
726 1120 824 1176 Dianae

130 1197 290 1275 Suscipere,
305 1207 333 1254 et
347 1198 449 1255 Veneri
462 1217 564 1273 ponere
577 1207 643 1254 vota
652 1197 741 1274 juvat.

93 1275 229 1352 Incipiam
245 1284 357 1352 captare
370 1275 451 1342 feras,
466 1285 494 1332 et
508 1276 622 1332 reddere
637 1277 704 1351 pinu

131 1353 256 1422 Cornua,
272 1362 300 1410 et
311 1354 428 1410 audaces
441 1355 501 1430 ipse
515 1373 628 1411 mouere
642 1373 733 1410 canes.

93 1429 158 1488 Non
172 1439 280 1498 tamen,
295 1441 327 1487 ut
341 1440 433 1488 vastos
447 1433 535 1488 ausim
552 1440 660 1488 tentare
673 1432 776 1498 leones,

129 1508 191 1566 Aut
205 1510 280 1568 celer
293 1519 415 1585 agrestes
436 1511 562 1566 cominus
576 1511 616 1566 ire
626 1529 698 1566 sues.

92 1585 165 1644 Haec
174 1588 264 1664 igitur
277 1589 347 1644 mihi
361 1588 397 1644 sit
411 1588 519 1663 lepores
533 1588 647 1650 audacia
660 1587 759 1644 molles

130 1665 279 1742 Excipere,
295 1673 322 1722 et
336 1666 434 1722 stricto
448 1667 532 1742 figere
546 1685 625 1722 avem
639 1667 764 1722 calamo:

92 1741 157 1808 Qua
169 1744 294 1800 formosa
307 1763 357 1800 suo
372 1743 533 1800 Clitumnus
546 1744 663 1800 flumina
675 1744 738 1800 luco

133 1821 251 1898 Integit,
267 1829 294 1878 et
308 1822 402 1878 niveos
416 1822 505 1878 abluit
518 1822 594 1878 unda
605 1823 698 1878 boves.

93 1897 146 1964 Tu,
163 1901 274 1976 quoties
288 1898 393 1974 aliquid
406 1901 549 1968 conabere,
566 1900 631 1966 vita,
646 1907 788 1956 memento

132 1976 292 2034 Venturum
307 1977 403 2052 paucis
416 1997 461 2034 me
475 1979 526 2034 tibi
540 1977 688 2035 Luciferis.

94 2053 141 2111 Sic
154 2074 201 2112 me
214 2075 265 2112 nec
279 2055 344 2112 solae
359 2063 493 2131 poterunt
505 2065 628 2112 avertere
641 2056 729 2122 silvae,

134 2133 197 2191 Nec
211 2153 281 2210 vaga
293 2133 431 2190 muscosis
444 2134 560 2191 flumina
574 2133 636 2190 fusa
651 2134 737 2210 jugis,

95 2209 173 2275 Quin
189 2231 240 2288 ego
253 2212 282 2270 in
297 2212 409 2270 assidua
422 2221 529 2268 mutem
540 2220 589 2268 tua
601 2212 716 2268 nomina
729 2211 842 2287 li'ngua;

133 2289 256 2346 Absenti
269 2310 351 2347 nemo
366 2308 422 2346 non
437 2290 563 2347 nocuisse
576 2289 652 2347 velit.

449 2528 597 2587 annom
620 2529 656 2586 v.
782 2547 890 2638 ”Vi
1079 2512 1112 2623 ,ᾗ
1161 2509 1165 2522 ’

781 2665 826 2681 ..ενι
851 2670 857 2684 ε

96 2676 165 2736 Vidi
177 2686 206 2736 te
219 2677 249 2735 in
262 2679 369 2736 somnis
382 2679 480 2746 fracta,
495 2700 558 2738 mea
571 2681 637 2748 vita,
653 2681 747 2739 carina

137 2757 219 2813 Ionio
232 2757 321 2814 lassas
337 2758 439 2815 ducere
452 2777 514 2815 rore
528 2779 647 2826 mauus;

96 2833 135 2891 Et
148 2854 322 2911 quaecunque
336 2836 366 2892 in
379 2853 424 2892 me
438 2837 530 2894 fueras
547 2838 673 2905 mentita,
689 2837 791 2906 fateri;

137 2913 198 2970 Nec
209 2912 269 2988 jam
283 2914 401 2970 humore
415 2933 514 2990 graves
527 2915 625 2972 tollere
638 2935 721 2990 posse
736 2933 847 2974 comas:

98 2990 218 3056 Qualem
232 2992 381 3068 purpureis
395 2993 530 3068 agitatam
544 2993 677 3050 fluctibus
692 2993 806 3063 Hellen,
921 3027 925 3034 ·
1031 2997 1048 3050 5

139 3069 233 3126 Aurea
246 3089 329 3145 quam
344 3070 548 3146 molli-tergore
561 3071 638 3127 vexit
652 3071 722 3128 ovis.

98 3145 192 3212 Quam
206 3146 298 3214 timui,
313 3167 347 3204 ne
362 3149 434 3205 forte
449 3155 529 3204 tuum
545 3168 620 3206 mare
634 3168 737 3205 nornen
750 3148 878 3214 haberet,

80 3221 82 3228 ’
137 3225 234 3299 Atque
247 3231 297 3281 tua
308 3225 407 3282 labens
422 3226 518 3284 navita
532 3227 611 3282 fleret
625 3246 697 3302 aqua
709 3227 714 3283 l

100 3300 171 3367 Quae
185 3309 247 3358 tum
262 3321 314 3379 ego
328 3302 474 3379 Neptuno,
491 3312 627 3380 quactum
642 3324 706 3360 curu
721 3303 836 3360 Castore
850 3301 939 3370 fratri,

140 3379 268 3458 Quaeque
282 3381 334 3437 tibi
348 3381 455 3456 excepi,
469 3381 527 3458 jam
542 3381 593 3438 dea
608 3379 791 3438 Leucothoe?
1013 3384 1048 3441 10
1104 3397 1108 3404 '

99 3455 139 3513 At
153 3464 195 3523 tu,
210 3459 257 3514 vix
271 3459 377 3534 primas
391 3459 528 3515 extollens
543 3460 653 3535 gurgite
668 3458 784 3535 palmas,

140 3534 223 3610 Saepe
236 3555 448 3604 meumnomen
458 3536 518 3612 jam
533 3537 658 3612 peritura
671 3555 764 3594 vocas.
955 3576 958 3580 -

875 3631 896 3672 n
913 3619 932 3672 2
