2486 4172
161 196 198 254 ³8
526 210 617 251 neeri
637 209 772 250 urucam

199 346 300 404 Adnue
312 370 320 415 ς
343 345 382 404 sic
396 345 449 404 tibi
462 345 519 404 sint
531 345 644 414 intonsi,
661 343 777 410 Phoebe,
792 342 896 422 capilli,

239 424 285 492 'lic
298 432 348 482 tna
360 431 497 503 perpetuo
511 423 548 484 sit
562 424 615 482 tibi
629 430 707 482 ceste
720 441 808 481 soror.

908 573 1080 731 ᾗ).

523 649 673 709 ninom
693 619 843 714 vnntf'

200 801 302 861 Martis
316 801 436 860 Romani
449 801 528 859 festae
541 821 641 860 venere
655 800 800 869 Kalendae,

238 880 374 938 Exoriens
387 880 493 938 nostris
506 880 573 938 hinc
585 879 640 936 fuit
652 898 741 938 mnus
754 879 831 946 avis;

199 957 238 1015 Et
251 978 322 1036 vaga
332 977 408 1016 nnnc
422 966 497 1016 certa
510 958 670 1016 discurrunt
682 957 806 1034 undique
819 975 923 1035 pompa

239 1036 347 1113 Perque
360 1037 419 1093 rias
433 1036 510 1093 urbis
523 1055 639 1094 munera
651 1054 756 1113 perque
769 1035 879 1093 domos.

199 1114 301 1179 Dicite,
317 1114 450 1182 Pierides,
466 1133 587 1190 quonam
600 1114 720 1172 donetur
732 1113 838 1172 honore

240 1193 296 1249 Seu
308 1211 380 1257 mea,
395 1211 445 1249 seu
458 1193 547 1260 fellor,
562 1211 625 1250 cera
639 1193 741 1250 Neaera
754 1199 858 1250 tamen.

201 1269 331 1328 Carmine
344 1271 485 1337 formosae,
498 1269 589 1348 pretio
602 1271 750 1346 capiuntur
762 1288 869 1328 averae:

240 1347 377 1416 Gaudeat,
394 1358 426 1404 nt
439 1349 524 1424 digna
536 1355 587 1415 est,
602 1348 729 1406 versibus
741 1347 790 1406 illa
803 1346 882 1405 meis.

200 1427 291 1484 Lutea
304 1427 352 1483 sed
366 1427 479 1484 niveum
491 1427 613 1484 involvat
626 1427 788 1486 membrano
800 1425 935 1492 libellum,

240 1505 348 1562 Pumex
361 1512 389 1562 et
402 1524 486 1562 cenes
499 1505 615 1563 tondeat
628 1512 693 1562 ante
706 1521 819 1572 comas;
1112 1507 1155 1562 10

201 1581 372 1660 Summaque
385 1591 520 1658 praetexat
533 1584 626 1642 tenuis
639 1583 751 1659 fastigia
763 1582 877 1651 chartae,

240 1661 348 1719 Indicet
361 1672 394 1718 ut
407 1681 508 1719 nomeu
522 1662 604 1720 litera
615 1661 690 1719 foeta
702 1680 815 1728 meum;
881 1660 886 1664 ’

200 1738 295 1815 Atque
308 1741 381 1796 inter
393 1740 518 1816 geminas
532 1741 684 1816 pingantur
696 1758 800 1796 cornua
813 1737 931 1797 frontes:

241 1817 286 1875 Sic
299 1818 403 1875 etenim
416 1825 541 1875 comtum
554 1819 666 1875 mittere
679 1826 791 1894 oportet
801 1835 882 1894 opus.

201 1894 263 1960 Per,
277 1914 336 1961 ros,
352 1902 479 1953 auctores
492 1896 577 1972 hujus
590 1896 661 1952 mihi
674 1896 812 1963 carminis,
828 1913 886 1961 oro,
1112 1897 1148 1950 15

240 1973 447 2049 Castaliamque
461 1974 589 2032 umbram
605 1974 766 2052 Pieriosque
779 1974 865 2038 locus,

202 2052 245 2108 Ite
259 2050 383 2118 domurn,
399 2051 562 2129 cultumque
575 2052 617 2110 illi
630 2053 732 2110 donate
744 2051 881 2118 libellum,

240 2129 318 2186 Sicut
331 2129 401 2197 erit;
422 2130 517 2187 nullus
530 2130 636 2187 defluat
648 2130 714 2188 inde
726 2130 811 2188 color.

201 2206 254 2263 llla
267 2206 337 2262 mihi
350 2207 460 2275 reseret,
474 2208 498 2265 si
510 2208 601 2266 nostri
613 2217 713 2266 mutua
726 2227 793 2266 cura
805 2214 856 2276 est,

239 2283 286 2340 An
299 2285 397 2352 minor,
412 2305 448 2342 an
461 2294 522 2343 toto
535 2295 646 2363 pectore
659 2286 819 2345 deciderim.

201 2362 256 2420 Sed
270 2363 392 2439 primurn
406 2365 534 2422 meritam
548 2364 626 2441 larga
639 2365 742 2422 donate
755 2364 854 2433 salute,

239 2442 334 2518 Atque
347 2442 408 2499 haeo
421 2443 560 2500 submisso
573 2443 657 2500 dicite
669 2442 754 2501 verbe
767 2461 852 2500 sono:

202 2525 221 2553 ‘¹
232 2519 303 2576 Haec
316 2520 368 2577 tibi
380 2520 422 2577 vir
435 2521 585 2597 quondam,
600 2540 676 2578 nunc
688 2521 783 2588 frater,
798 2528 874 2579 cesta
886 2518 999 2585 Neara,

240 2597 341 2665 Mittit,
356 2606 393 2664 et,
408 2599 527 2675 accipias
539 2618 656 2656 munera
669 2618 762 2675 parva,
777 2605 866 2675 rogat,

199 2675 294 2751 Teque
308 2676 365 2732 suis
375 2675 453 2752 jurat
465 2696 558 2734 caram
572 2677 661 2752 magis
674 2695 734 2735 esse
748 2677 886 2745 medullis,
1105 2676 1144 2732 25

244 2753 307 2810 Sive
321 2754 374 2811 sibi
387 2753 498 2831 conjux,
513 2754 570 2812 sivo
583 2755 680 2812 futura
692 2774 787 2822 soron

201 2831 256 2889 Sed
270 2832 364 2908 potius
378 2831 489 2908 conjux.
531 2831 626 2908 Hujus
641 2852 720 2909 spem
733 2831 853 2890 nominis
866 2831 906 2888 illi

238 2910 358 2968 Auferet
370 2910 494 2969 extincto
505 2910 611 2989 pollida
623 2911 698 2968 Ditis
712 2910 813 2987 aqua.’'

705 3074 711 3088 ‘
896 3061 981 3147 ‘q‘i'ss
1025 3051 1092 3120 'lfl

539 3147 688 3205 ELEGIA
707 3146 761 3204 IX.
937 3148 946 3184 t

201 3300 258 3369 Qui
271 3300 379 3377 primus
392 3305 484 3359 caram
495 3300 600 3378 juveni,
616 3317 767 3376 carumque
779 3296 879 3375 puellae

240 3379 352 3456 Eripuit
362 3380 504 3457 juvenem,
519 3378 625 3436 ferreus
638 3378 685 3435 ille
699 3378 762 3435 fuit.

201 3457 297 3514 Durus
311 3466 339 3514 et
352 3457 401 3515 ille
411 3457 475 3524 fnit,
489 3457 538 3533 qui
551 3468 663 3514 tantum
675 3456 747 3514 ferre
760 3453 894 3520 dolorem,

240 3536 340 3593 Vivere
354 3544 382 3592 et
395 3544 491 3613 erepta
503 3537 621 3612 conjuge
636 3534 684 3611 qui
697 3533 799 3610 potuit.
