2534 4172
110 247 304 462 camp

353 423 357 430 '
380 421 427 481 IN
449 420 624 480 MORTEM
644 420 819 480 TlBULLI.

144 576 301 635 Memnona
313 573 337 633 si
350 580 448 642 mater,
463 582 553 630 mater
567 572 685 649 ploravit
698 571 837 642 Achillen,
870 576 902 648 ,¹

183 653 223 712 Et
236 659 356 730 tangunt
369 655 486 727 magnas
499 651 591 708 tristia
604 650 662 708 fata
675 651 758 708 deas:

145 731 259 790 Flebilis
271 730 411 808 indignos,
427 729 549 805 Elegeia,
564 729 638 786 solve
652 729 778 805 capillos.

79 839 84 848 ·
184 809 233 866 Ah
246 808 331 866 nimis
344 818 379 865 e'x
392 826 456 864 vero
470 826 544 864 nunc
559 806 611 863 tibi
624 825 726 863 nomen
740 804 808 864 eritl

145 886 199 945 Ille
212 885 255 943 tui
268 894 346 944 vates
359 885 460 961 operis,
475 891 525 942 tua
537 884 620 952 fama,
635 883 767 941 Tibullus

135 1011 141 1028 .
183 964 274 1021 Ardet
286 962 317 1020 in
329 973 480 1030 exstructo,
496 981 598 1039 corpus
611 962 702 1030 inane,
716 980 796 1039 rogo.

144 1040 228 1175 Ecqe,
235 1060 312 1176 pppr
325 1040 441 1098 Veneris
453 1040 508 1098 fert
522 1058 701 1117 eversamque
714 1039 884 1115 pheretrum,

295 1126 339 1176 tos
352 1137 433 1175 orcus
445 1126 474 1176 et
488 1118 547 1174 sine
561 1116 622 1174 luce
637 1117 737 1175 facem.

144 1195 258 1272 Aspice,
273 1195 402 1253 demissis
416 1204 448 1252 nt
461 1203 506 1252 eat
519 1194 685 1252 miserabilis
699 1194 769 1253 alis:

186 1273 359 1352 Pectoraque
371 1273 473 1330 infesta
486 1273 588 1330 tundat
600 1281 696 1349 aperta
709 1293 804 1331 manu.

145 1351 300 1428 Excipiunt
313 1351 403 1427 sparsi
415 1350 543 1408 lacrimas
555 1371 606 1426 per
619 1350 690 1408 colla
703 1351 806 1428 capilli,

185 1431 298 1506 Oraque
312 1429 437 1506 singultu
450 1429 625 1486 concutiente
639 1437 749 1488 sonant.

145 1507 252 1565 Fratris
266 1507 296 1564 in
309 1507 407 1564 AEneae
421 1506 461 1564 sic
474 1506 553 1563 illum
568 1506 666 1564 funere
679 1507 778 1565 dicunt

185 1586 336 1662 Egressum
350 1584 440 1652 tectis,
455 1584 572 1660 pulcher
586 1585 657 1652 Iule,
672 1585 740 1643 tuis.

145 1662 208 1720 Nec
221 1663 315 1720 miuus
329 1670 372 1720 est
384 1662 500 1720 confusa
512 1662 618 1730 Venus,
635 1663 768 1720 moriente
782 1663 903 1732 Tibullo,
1056 1669 1089 1724 15

186 1740 278 1806 Quam
288 1740 384 1817 juveni
397 1740 473 1816 rupit
487 1759 550 1797 cum
564 1741 641 1796 ferus
654 1740 758 1817 inguen
771 1759 847 1818 aper.

145 1820 187 1876 At
201 1819 272 1875 sacri
284 1827 371 1884 vates,
386 1826 415 1874 et
428 1818 524 1875 divbm
537 1836 604 1874 cura
616 1837 767 1876 vocamur:

187 1895 260 1953 Sunt
273 1896 365 1963 etiam,
380 1895 429 1972 qui
441 1914 493 1952 nos
506 1914 610 1952 numen
622 1894 726 1954 habere
739 1903 850 1972 putent.

147 1973 259 2031 Scilicet
272 1993 353 2031 omne
367 1992 476 2030 sacrum
490 1992 566 2030 mors
579 1973 739 2049 importuna
751 1973 899 2051 profanat:

187 2050 325 2109 Omnibus
338 2052 468 2108 obscuras
481 2051 569 2129 injicit
582 2051 630 2108 illa
642 2071 752 2110 manus.
1053 2058 1090 2118 20

147 2128 223 2196 Quid
236 2139 317 2204 pater
330 2129 456 2195 Ismario,
472 2128 539 2205 quid
551 2138 642 2186 mater
654 2129 759 2205 profuit
772 2129 887 2207 Orpheo
898 2129 910 2188 l

187 2206 317 2266 Carmine
331 2205 399 2282 quid
411 2207 498 2264 victas
512 2207 690 2282 obstupuisse
704 2207 797 2266 feras?

146 2284 263 2342 AElinon
275 2284 305 2341 in
319 2283 396 2341 silvis
409 2283 483 2342 idem
498 2292 586 2360 pater,
601 2285 715 2342 AElinon
728 2285 792 2344 altis

188 2361 299 2419 Dicitur
311 2361 399 2419 invita
411 2361 584 2419 concinuisse
596 2362 659 2438 lyra

147 2438 248 2516 Adjicc
262 2438 433 2506 Moeo'niden,
449 2458 542 2516 equo,
557 2459 608 2497 ceu
620 2439 699 2497 fonte
711 2440 835 2518 perenni,
1053 2448 1088 2503 25

187 2517 293 2574 Vatum
307 2517 405 2574 Pieriis
418 2533 467 2574 ora
479 2518 605 2593 rigantur
618 2518 716 2593 aquis;

149 2594 236 2652 Hunc
249 2613 358 2671 quoque
372 2614 480 2652 summa
493 2595 552 2652 dies
566 2595 646 2672 nigro
660 2596 812 2655 submersit
826 2597 957 2666 Avern03

188 2672 348 2749 Diffugiunt
360 2672 456 2729 avidos
469 2673 593 2730 carmina
606 2673 665 2730 sola
678 2693 770 2750 rogos.

149 2750 242 2808 Durat
255 2769 325 2825 opus
338 2761 443 2815 vatum,
457 2749 571 2827 Trojani
584 2751 660 2807 fama
672 2750 783 2820 laboris,

188 2828 334 2906 Tardaque
347 2836 484 2885 nocturno
498 2828 553 2884 tela
566 2836 673 2886 retexta
687 2829 760 2886 dolo.
1053 2836 1090 2894 ³0

149 2905 198 2964 Sic
212 2905 341 2962 Nemesis
354 2905 479 2982 longum,
495 2905 535 2962 sic
550 2905 637 2973 Delia,
653 2925 754 2963 nornen
769 2907 933 2967 habebunt:

188 2983 296 3051 Altera,
312 3001 378 3040 cura
391 3002 495 3050 recens,
510 2983 605 3050 altera,
620 2985 728 3060 primus
741 3004 829 3044 amor.

149 3060 228 3129 Quid
240 3079 289 3118 vos
302 3079 379 3119 sacra
388 3061 509 3136 juvant?
549 3060 625 3127 Quid
640 3082 713 3119 nunc
726 3064 860 3140 AEgyptia
873 3072 993 3141 prosunt

190 3136 299 3196 Sistral
319 3138 387 3214 quid
399 3139 428 3195 in
442 3157 529 3195 vacuo
543 3140 703 3196 secubuisse
718 3139 798 3198 toro?

150 3215 225 3275 Cum
239 3216 349 3293 rapiant
362 3216 435 3274 mala
448 3216 506 3272 fata
520 3216 608 3273 bonos
623 3218 772 3294 (ignoscite
785 3217 874 3294 fasso)
1053 3225 1093 3280 35

190 3293 330 3353 Sollicitor
343 3293 435 3350 nullos
449 3312 508 3350 esse
521 3303 620 3370 putare
634 3295 710 3352 deos.

149 3371 221 3429 Vive
235 3372 317 3448 pius3
338 3372 455 3430 moriere
468 3371 549 3446 pius:
572 3371 630 3429 cole
644 3390 737 3440 sacra3
759 3373 896 3431 colentem

189 3449 271 3506 Mors
284 3449 376 3525 gravis
389 3468 406 3506 a
418 3449 530 3523 templis
543 3449 572 3504 in
585 3468 652 3507 cava
665 3451 749 3507 busta
761 3449 863 3510 trahet.

149 3526 331 3586 Carminibus
343 3525 451 3586 confide
465 3526 561 3593 bonis;
579 3527 655 3602 jacet
669 3547 731 3585 ecce
744 3527 884 3588 Tibullus.

190 3604 245 3668 vix
259 3611 354 3664 manet
365 3623 382 3664 s
395 3611 473 3661 tanto
487 3621 572 3679 parva
585 3605 659 3680 qnod
674 3625 744 3664 urna
757 3606 841 3683 cupiit.
1054 3615 1093 3670 40
