2486 4172
164 188 201 244 34
528 197 618 238 annu
639 196 773 236 rrnunnr

202 334 297 410 Atque
310 331 402 408 aliqua
415 330 533 389 assiduae
547 331 631 386 textis
646 335 761 404 operata
775 328 912 386 Minervae

242 411 354 478 Cantat,
370 419 398 466 et
411 408 547 485 applauso
561 407 617 465 tela
631 416 711 464 sonat
725 407 820 464 latere.

203 490 270 567 Ipse
282 487 410 564 interque
423 505 521 562 greges
534 486 662 561 interque
675 493 802 542 armenta
815 482 927 562 Cupido
1128 491 1172 545 65

242 566 336 624 Natus
350 574 378 622 et
391 565 541 623 indomitas
555 563 657 621 dicitur
670 563 744 619 inter
756 581 852 638 equas.

205 644 269 703 Illic
281 643 394 701 indocto
408 643 530 720 primum
545 660 574 698 se
588 641 713 698 exercuit
726 659 802 697 arcu

243 722 301 780 Hei
313 721 392 788 mihi,
408 740 492 797 quam
506 719 603 777 doctas
616 738 691 775 nuuc
705 718 790 775 habet
803 717 850 775 ille
863 718 979 777 manus!

203 799 252 858 Ah
265 799 367 867 miseri,
384 818 454 875 quos
467 797 514 854 hic
528 797 649 872 graviter
664 795 732 853 deus
745 795 843 872 urget!
864 797 953 856 atille

243 877 330 945 Felix,
345 877 390 934 cui
404 876 530 952 placidus
544 875 643 932 leniter
656 873 731 932 afflat
746 873 852 931 Amori
1121 879 1169 939 70

205 957 315 1022 Sancte,
329 954 393 1012 veni
408 953 525 1030 dapibus
538 953 636 1021 festis;
658 953 707 1009 sed
722 971 793 1028 pone
808 951 932 1028 sagittas,

244 1035 282 1091 Et
296 1031 394 1110 procul
407 1031 535 1088 ardentes
548 1031 624 1097 hinc,
639 1048 745 1107 precor,
761 1029 832 1088 abde
846 1031 931 1089 faces.

205 1111 264 1169 Vos
274 1110 410 1168 celebrem
424 1117 534 1167 cantate
547 1109 641 1176 deum,
656 1108 804 1184 pecorique
818 1117 914 1166 vocate

243 1189 319 1245 Voce
331 1212 339 1255 ς
360 1187 451 1265 palam
465 1187 568 1263 pecori,
582 1186 653 1244 clam
668 1187 720 1244 sibi
733 1186 851 1262 quisque
864 1193 952 1254 vocet,

204 1267 265 1325 Aut
278 1267 363 1323 etiam
377 1265 431 1323 sibi
440 1265 558 1343 quisque
572 1265 677 1341 palam;
698 1283 762 1321 nam
778 1265 862 1322 turba
869 1264 966 1342 jocosa
1120 1270 1161 1329 75

244 1343 401 1419 Obstrepit,
416 1352 444 1400 et
459 1343 583 1420 Phrygio
598 1342 665 1400 tibia
678 1361 761 1399 curva
775 1362 853 1400 sono.

206 1422 327 1488 Ludite;
345 1420 405 1499 jam
419 1421 485 1480 Nox
495 1420 590 1498 jungit
604 1439 698 1497 equos,
713 1439 880 1498 currumque
895 1428 1051 1500 sequuntur

246 1499 348 1557 Matris
361 1499 464 1556 lascivo
479 1499 569 1556 sidera
582 1498 659 1556 fulva
671 1498 767 1556 choro.

206 1580 328 1655 Postque
341 1578 417 1636 venit
431 1578 532 1635 tacitus
546 1577 633 1634 fuscis
646 1575 835 1634 circumdatus
848 1577 899 1635 alis

245 1657 375 1724 Somnus,
390 1665 419 1714 et
432 1656 538 1714 incerto
552 1655 661 1713 somnia
673 1655 753 1732 nigra
765 1654 846 1732 pede.
1117 1659 1161 1715 80

541 1895 692 1953 ELEGIA
711 1896 785 1958 vl).

206 2049 340 2108 Dicamus
353 2049 426 2106 bona
439 2049 539 2115 rerba;
562 2049 637 2107 venit
651 2050 770 2117 Natalis,
789 2049 825 2108 ad
839 2069 921 2120 aras;

246 2127 381 2204 Quisquis
394 2127 469 2194 edes,
484 2126 588 2204 lingua,
603 2128 646 2184 vir
658 2129 822 2204 mulierque,
836 2127 908 2187 fave.

208 2204 334 2263 Utantur
346 2205 393 2282 pia
406 2214 469 2263 tura
479 2205 556 2273 focis,
571 2215 688 2263 urantur
701 2207 808 2274 odores,

247 2283 326 2350 Quos
340 2292 418 2341 tener
430 2303 446 2341 e
459 2293 533 2340 terra
545 2284 630 2341 dieite
643 2284 731 2342 mittit
744 2285 847 2344 Arabs.

207 2361 275 2439 Ipse
289 2381 353 2418 suos
365 2361 438 2419 adsit
453 2361 559 2419 Genius
572 2362 682 2419 visums
695 2363 826 2431 honores,

247 2438 301 2497 Cui
314 2438 445 2497 decorent
459 2449 568 2498 sanctas
581 2440 676 2498 mollia
688 2451 762 2498 serta
775 2459 888 2499 eomas:

209 2516 290 2574 Illius
304 2537 374 2594 puro
388 2517 530 2575 destillent
545 2527 672 2594 tempora
685 2519 781 2587 nardo,

192 2649 195 2654 .
246 2595 341 2673 Atque
355 2605 432 2652 satur
445 2596 503 2653 libo
516 2597 561 2664 sit,
576 2597 742 2674 madeatque
754 2615 848 2654 mero:

207 2672 368 2741 Adnuatet,
384 2674 527 2741 Cerintho,
541 2675 601 2743 tibi,
616 2675 801 2752 quodcunque
814 2675 934 2752 rogabis.

246 2751 291 2808 En
304 2771 363 2828 age,
378 2750 446 2828 quid
459 2751 570 2810 cessasi
610 2753 727 2810 Adnuct
739 2753 802 2822 ille3
823 2773 901 2830 roga.
1119 2758 1155 2817 10

208 2828 349 2905 Auguror,
364 2829 459 2886 uxoris
473 2830 545 2888 fidos
559 2851 575 2890 o
597 2831 670 2889 tabis
683 2851 808 2888 amurcae

247 2907 311 2965 Jam
326 2927 388 2965 reor
401 2908 454 2964 hoc
466 2909 544 2985 ipsos
556 2851 699 2967 edidicisse
713 2910 789 2968 deos.

207 2985 269 3044 Neo
282 2985 333 3042 tibi
346 2985 484 3054 malueris,
500 2995 590 3044 totum
605 3007 780 3065 quaecunque
793 3007 843 3063 per
856 2989 953 3046 orbem

247 3064 339 3122 Fortis
350 3073 409 3122 arat
423 3065 514 3122 valido
527 3066 649 3123 rusticus
662 3086 727 3122 arva
740 3067 827 3135 bove3

206 3141 269 3199 Nec
283 3142 343 3207 tibi,
358 3163 529 3218 gemmarum
544 3144 679 3221 quidquid
693 3143 821 3202 felicibus
836 3143 916 3202 India
1114 3148 1155 3207 15

246 3219 388 3288 Nascitur,
403 3221 456 3278 Eoi
470 3241 524 3298 qna
538 3222 622 3278 maris
636 3221 711 3279 unda
726 3224 816 3280 rubet.

206 3296 282 3355 Vota
294 3298 408 3356 cadunt.
450 3299 567 3356 Utinam
580 3300 785 3376 trepidantibus
799 3300 910 3359 advolet
922 3300 974 3358 alis

246 3375 384 3453 Flavaque
398 3377 527 3453 conjugio
541 3379 652 3436 vincula
664 3388 757 3456 portet
772 3379 877 3437 Amori

205 3452 333 3521 Vincula,
349 3475 412 3530 quae
427 3467 557 3512 maneant
568 3475 685 3532 semper,
701 3457 769 3514 dum
784 3457 864 3515 tarda
876 3464 1005 3516 senectus

246 3531 367 3590 lndueat
379 3552 471 3610 rugas,
485 3533 646 3611 inficiatque
659 3554 761 3592 comas.
1115 3543 1156 3598 20
