2538 4178
190 128 246 183 110
521 144 549 182 1³.
572 142 681 184 ovrurr
703 143 840 185 nasonis

224 276 341 334 Aruerat
354 276 452 334 AEueae
465 275 541 334 Dido
553 276 720 336 miserabilis
732 277 815 354 ignes

262 354 379 413 Arserat
392 354 544 412 exstructis
556 355 586 412 in
600 373 651 412 sua
663 354 723 412 fata
735 357 828 433 rogim

224 432 461 510 Compositusque
475 433 555 502 einis,
570 433 727 510 tumulique
740 434 770 492 in
784 454 922 494 marmore
936 456 1049 496 carmen

263 511 328 568 Hoc
340 512 432 580 breve,
447 511 522 588 quod
534 511 655 569 moriens
668 512 731 590 ipss
742 511 863 590 reliquit,
878 522 956 572 matr
1255 565 1256 592 ἲ

223 589 354 648 Praebuit
367 591 474 648 AEneoc
487 597 517 647 et
530 609 642 648 mom
653 593 752 648 mortis
765 599 794 650 et
808 611 919 652 eman:
1133 600 1170 655 25

264 669 332 742 Ipsa
344 689 395 726 sua
408 669 484 726 Dido
499 670 622 726 concidit
641 689 691 726 usa
708 689 802 727 manu.

223 745 355 804 Protinus
368 745 503 804 invadunt
517 746 653 804 Numidae
667 747 726 804 sine
738 746 848 806 vindice
861 767 989 826 regnum,

264 825 301 882 Et
315 825 422 902 potitur
436 833 518 899 cepta
532 824 651 882 Maurus
665 825 748 882 Iarba
761 825 863 882 domos
1255 895 1256 902 ἵ

223 903 313 980 Seque
327 921 434 960 memor
447 911 582 979 spretum,
599 902 768 960 “Thalamis
781 904 908 970 tamen,”
921 904 1023 982 inquit,
1036 905 1168 967 “Elissae

262 982 308 1037 En
321 999 382 1056 ego,
397 999 480 1057 quem
490 980 574 1038 toties
587 981 691 1057 repulit
703 981 761 1048 illa,
775 983 853 1039 truor
863 981 890 1038 l”
1128 990 1168 1044 30

223 1058 385 1134 Diffugiunt
398 1057 486 1134 Tyrii,
501 1077 557 1134 quo
571 1077 710 1136 quemque
722 1059 781 1135 agit
794 1078 880 1128 error,
894 1067 927 1118 ut
941 1055 1008 1120 olim

262 1136 376 1199 Amisso
389 1136 485 1194 dubiae
498 1155 562 1212 rege
577 1145 713 1213 vagantur
726 1156 803 1214 apes.

222 1215 319 1273 Tertia
331 1214 477 1271 nudandas
490 1223 634 1290 acceperat
647 1234 711 1272 area
723 1234 837 1283 messes,

262 1293 352 1368 Inque
366 1311 447 1350 cavos
460 1292 550 1349 ierant
563 1293 646 1350 tertia
659 1300 755 1350 musta
767 1293 845 1351 lacus
857 1318 865 1361 ;

223 1369 342 1428 Pellitur
354 1370 438 1427 Anna
450 1369 543 1438 domo,
558 1370 761 1448 lacrimansque
775 1371 882 1430 sororia
894 1371 997 1450 linquit

262 1448 384 1506 Maenia:
410 1467 550 1525 germane
560 1448 639 1526 justa
652 1449 702 1506 dat
714 1456 779 1508 ante
792 1469 862 1508 sum.

223 1526 316 1584 Mixta
327 1526 429 1584 bibunt
441 1526 540 1584 molles
554 1527 674 1584 lacrimis
687 1536 834 1603 unguenta
846 1526 957 1596 saville,

261 1604 371 1662 Vertice
384 1604 484 1662 libatas
497 1605 691 1681 accipiuntque
704 1623 816 1662 comas:

221 1683 339 1760 Terque,
356 1689 375 1714 “
385 1683 484 1750 Vale,’'
500 1682 589 1739 dixit:
611 1683 717 1740 cineres
731 1691 774 1740 ter
786 1683 823 1740 ad
835 1701 884 1752 ora
897 1683 999 1742 relatos

261 1760 375 1829 Pressit,
390 1769 418 1818 et
431 1769 473 1819 est
486 1761 541 1818 illis
554 1761 613 1818 visa
626 1761 738 1819 subesse
751 1779 837 1819 soror.

222 1838 314 1898 Nacta
326 1847 415 1896 ratem
428 1840 614 1915 comitemque
627 1838 703 1916 fugae
716 1839 788 1915 pede
801 1839 905 1896 labitur
919 1859 1010 1917 aequo,

260 1916 369 1974 Moenia
381 1917 541 1993 respiciens,
556 1917 637 1974 dulce
651 1917 754 1974 sororis
766 1936 848 1994 opus.

221 1994 332 2053 Fertilis
345 2002 389 2051 est
402 1994 510 2052 Melitae
524 1995 611 2052 sterili
624 1995 713 2052 vicina
727 1994 842 2072 Cosyrae

260 2072 365 2140 Insula,
380 2092 464 2150 quam
479 2072 578 2149 Libyci
590 2074 717 2130 verberat
729 2073 806 2130 unda
818 2073 892 2131 freti.

221 2150 304 2208 Hanc
316 2151 387 2228 petit
402 2151 524 2227 hospitio
537 2151 610 2228 regis
625 2152 729 2209 confisa
743 2158 873 2219 vetusto;
964 2152 967 2156 ’

259 2229 382 2304 Hospes,
398 2248 482 2304 opum
497 2229 584 2296 dives,
599 2249 648 2286 rex
660 2229 700 2286 ibi
713 2229 816 2286 Battus
830 2237 899 2288 eret.

220 2306 277 2374 Qui
290 2315 439 2384 postquam
453 2307 551 2365 didicit
564 2327 644 2365 casus
657 2307 804 2385 utriusque
817 2307 920 2365 sororis

260 2393 279 2417 ‘⁴
288 2385 389 2453 Haec,’'
403 2386 502 2463 inquit,
519 2393 538 2420 ‘⁶
546 2385 638 2454 tellus,
653 2387 915 2463 quantulacumque,
930 2393 980 2444 tuo
991 2389 1065 2453 est‚'’

219 2463 258 2521 Et
271 2470 365 2520 tamen
378 2464 494 2540 hospitii
508 2473 644 2522 servasset
658 2464 695 2524 ad
707 2463 806 2522 ultima
818 2483 931 2531 munus,

259 2542 314 2600 Sed
327 2542 422 2599 timuit
435 2561 550 2620 magnas
564 2542 756 2619 Pygmalionis
770 2561 848 2619 opes.

220 2619 305 2696 Signa
318 2628 493 2678 recensuerat
506 2621 549 2677 bis
564 2621 605 2678 sol
616 2641 684 2678 sua:
705 2620 805 2677 tertius
818 2621 877 2677 ibat

259 2699 367 2764 Annus,
384 2706 412 2756 et
424 2699 505 2755 exilio
519 2707 593 2756 terre
607 2698 728 2776 petenda
740 2717 812 2755 nova
825 2707 878 2756 est.

219 2777 316 2834 Frater
328 2776 417 2844 adest,
431 2776 558 2854 belloque
572 2778 660 2854 petit:
682 2796 731 2834 rex
745 2795 823 2833 arma
836 2795 962 2853 perosus,

260 2862 278 2886 “
288 2855 348 2910 Nos
362 2873 460 2911 sumus
473 2854 608 2922 imbelles,
623 2863 656 2912 tu
669 2855 735 2932 iuge
750 2855 879 2931 sospes,''
893 2855 943 2912 ait.

219 2931 305 2990 Jussa
317 2932 398 3008 fugit,
414 2941 552 3010 ventoque
565 2940 655 2991 ratem
668 2933 820 2991 committit
833 2940 862 2991 et
875 2931 976 2990 undis:

258 3011 391 3086 Asperior
404 3012 502 3088 quovis
516 3031 627 3088 aequore
640 3011 725 3069 frater
739 3020 807 3069 erat.

219 3088 271 3146 Est
283 3109 371 3165 prope
384 3089 508 3166 piscosos
520 3089 642 3166 lapidosi
654 3089 797 3148 Crathidis
810 3107 907 3146 amnes

258 3167 364 3224 Parvus
378 3187 462 3244 ager:
485 3168 622 3226 Cameren
634 3167 725 3226 incola
738 3167 821 3224 turba
834 3175 924 3225 vocat.

219 3245 291 3303 Illuc
305 3265 404 3304 cursus
418 3255 493 3304 erat:
515 3265 566 3304 nec
579 3247 690 3323 lougius
703 3246 793 3303 abfuit
806 3246 881 3314 inde,

257 3323 349 3391 Quam
367 3333 503 3401 quantum
517 3325 612 3382 novies
625 3325 737 3382 mittere
750 3323 838 3381 funda
851 3330 954 3400 potest.

217 3403 288 3459 Vela
302 3402 406 3460 cadunt
419 3403 520 3480 primo,
536 3411 564 3461 et
578 3402 663 3461 dubia
675 3403 814 3460 librantur
828 3403 863 3459 ab
877 3421 965 3459 auras

258 3488 277 3513 ‘⁴
285 3481 396 3538 Findite
409 3481 557 3558 remigio‚’‘
573 3481 669 3538 navita
682 3481 761 3549 dixit,
779 3481 924 3559 “aquas’'
