2486 4172
489 187 650 229 CARMINA·

145 325 235 401 Piger
249 322 294 381 his
307 322 421 381 labante
434 323 568 400 languore
581 322 677 381 oculos
691 341 776 399 sopor
789 322 891 401 operit.

145 402 221 460 Abit
234 403 263 459 in
277 403 371 480 quieta
385 402 462 459 molli
476 401 590 460 rabidus
603 401 682 460 furor
694 401 790 459 animi.

146 481 208 539 Sed
221 481 271 538 ubi
284 480 341 538 oris
356 481 433 538 aurei
447 480 495 538 Sol
510 481 684 538 radiantibus
698 479 786 538 oculis

146 559 299 616 Lustravit
311 558 418 618 athera
430 558 535 626 elbum,
551 559 610 616 sola
623 558 702 626 dura,
717 578 794 616 mare
807 558 908 625 ferum,

146 637 320 714 Pepulitque
333 637 424 695 noctis
438 638 552 695 umbras
567 637 672 714 regetis
686 637 888 715 sonipedibus;

147 716 197 774 Ibi
210 735 327 774 somnus
340 715 463 774 excitum
477 716 557 793 Atyn
570 715 682 793 fugiens
696 717 769 774 citus
782 716 871 774 abiit:

146 794 350 872 Trepidantem
364 813 429 852 eum
443 795 549 871 recepit
562 793 614 852 dea
628 794 761 853 Pasithea
773 796 848 852 sinu.

147 874 198 930 Ita
211 873 246 930 de
260 873 354 950 quiete
367 872 445 930 molli
459 873 558 950 rapida
569 872 629 931 sine
643 873 719 931 rabie

148 951 242 1009 Simul
255 951 316 1028 ipsa
329 962 441 1028 pectore
454 951 530 1028 Atys
544 971 595 1008 sua
608 951 683 1010 facta
696 951 822 1020 recoluit,

147 1029 327 1120 Liquidaquc
341 1039 434 1088 mente
447 1030 527 1098 vidit,
543 1033 603 1088 sine
616 1030 704 1107 queis,
719 1031 822 1107 ubique
836 1029 926 1098 soret;

146 1109 255 1166 Ammo
270 1116 407 1166 aestuante
421 1128 533 1166 rursum
547 1109 669 1166 reditum
682 1108 719 1166 ad
731 1109 803 1166 rada
816 1108 920 1166 tetulit.

148 1187 197 1244 Ibi
210 1186 298 1244 maria
311 1194 390 1244 vasta
402 1186 494 1245 visens
508 1187 718 1245 lacrimantibus
731 1186 829 1255 oculis,

148 1264 275 1322 Patriam
289 1265 419 1324 adlocuta
432 1274 534 1324 moesta
547 1272 590 1323 cst
602 1265 644 1323 ita
656 1285 724 1324 voce
738 1265 891 1323 miscriter:

191 1351 210 1375 “
220 1343 315 1402 Patria
327 1362 344 1401 o
357 1364 420 1402 mea
432 1345 561 1412 creatrix,
575 1345 667 1422 patria
679 1364 696 1401 o
710 1364 772 1402 mea
785 1345 921 1421 genetrix,

148 1421 212 1498 Ego
224 1442 309 1499 quam
323 1423 407 1480 miser
420 1423 590 1500 relinquens,
605 1423 734 1480 dominos
748 1430 781 1479 ut
794 1422 931 1498 herisugae

148 1500 261 1558 Famuli
275 1500 375 1570 solent,
390 1501 427 1559 ad
441 1501 500 1559 Idae
514 1503 596 1559 tetuli
609 1520 724 1559 nemora
737 1501 854 1578 pedem:

148 1579 192 1636 Ut
205 1579 280 1657 apud
294 1579 387 1637 nivem
401 1587 429 1637 et
443 1580 565 1638 ferarum
579 1578 672 1656 gelida
685 1579 797 1637 stabula
810 1579 908 1646 forem,
1019 1582 1059 1635 50

147 1657 187 1714 Et
201 1665 233 1715 ut
247 1658 341 1715 omnia
354 1678 449 1716 earum
464 1658 570 1717 adirem
582 1657 734 1716 furibunda
746 1657 880 1715 latibula:

149 1736 283 1804 Ubinam,
299 1744 348 1794 aut
361 1737 463 1814 quibus
476 1736 544 1794 locis
558 1744 588 1795 te
601 1736 732 1815 positam,
747 1735 849 1812 patria,
864 1731 946 1793 rear?

149 1814 238 1892 cupit
250 1815 313 1891 ipsa
326 1815 432 1892 pupula
445 1815 481 1873 sd
494 1825 522 1874 te
536 1816 589 1873 sibi
603 1815 722 1892 dirigere
735 1815 832 1882 aciem,

148 1893 239 1951 Rabie
252 1893 311 1951 fera
324 1913 422 1951 carens
436 1893 504 1952 dum
517 1894 602 1953 breve
615 1904 729 1972 tempus
737 1893 854 1952 'animus
866 1901 918 1951 est.

147 1971 248 2048 Egone
261 1991 277 2028 a
290 1990 353 2029 mea
365 1980 474 2030 remota
486 1972 548 2031 haec
562 1973 636 2030 ferar
647 1973 678 2030 in
691 1990 806 2030 nemora
819 1967 927 2029 domo?
1020 1975 1057 2028 55

149 2049 253 2118 Patria,
268 2050 359 2120 bonis,
374 2051 481 2120 amicis,
496 2051 670 2128 genitoribus
683 2048 788 2110 aberol

148 2129 244 2187 Abero
258 2129 328 2198 foro,
344 2129 485 2207 palaestra,
500 2130 601 2198 stadio,
616 2138 645 2188 ct
658 2127 834 2208 gymnasiis?¹

148 2207 248 2274 Miser,
260 2207 298 2264 ah
310 2209 404 2277 miser,
416 2209 589 2286 querendum
600 2217 644 2266 est
657 2209 742 2266 etiam
756 2217 840 2285 atque
850 2207 944 2277 etiam,
955 2208 1057 2266 anime.
1097 2221 1099 2228 “

150 2285 235 2353 Quod
248 2288 322 2344 enim
336 2302 426 2364 genus
440 2289 539 2364 figurae
554 2296 605 2355 est,
621 2307 673 2365 ego
687 2307 744 2345 non
757 2287 833 2364 quod
846 2284 1015 2345 habuerim?

149 2365 211 2441 Ego
224 2365 334 2434 mulier,
350 2385 401 2442 ego
415 2365 587 2434 adolescens,
602 2386 654 2443 ego
669 2365 805 2442 ephebus,
821 2384 873 2442 ego
887 2385 966 2444 puer,
1022 2369 1059 2423 60

149 2444 211 2519 Ego
225 2445 363 2521 gymnasii
377 2445 418 2502 fui
431 2445 492 2512 flos,
509 2464 560 2522 ego
575 2463 651 2502 eram
665 2444 751 2502 decus
765 2444 829 2502 clei.

149 2521 227 2579 Mihi
237 2521 334 2599 januae
348 2524 517 2600 frequentes,
532 2523 604 2581 mihi
616 2523 715 2581 limina
728 2522 832 2599 tepida,

149 2599 227 2657 Mihi
241 2600 347 2659 floridis
361 2601 472 2660 corollis
486 2602 617 2660 redimita
630 2602 732 2659 domus
745 2609 814 2668 erat,

149 2678 347 2756 Linquendnm
361 2681 411 2737 ubi
424 2689 499 2738 esset
511 2689 574 2738 orto
587 2681 659 2738 mihi
672 2679 729 2738 sole
742 2678 913 2738 cubiculum.

150 2757 247 2833 Egone
261 2758 298 2814 ah
312 2758 396 2817 deum
409 2759 538 2818 ministra
551 2769 580 2817 et
594 2759 714 2836 Cybeles
730 2758 836 2816 famula
848 2755 942 2818 ferar?
1024 2759 1059 2814 65

150 2835 213 2912 Ego
225 2836 345 2905 Maenas,
361 2857 414 2914 ego
428 2838 483 2896 mei
496 2857 571 2916 pars,
586 2857 638 2915 ego
652 2838 694 2895 vir
708 2837 811 2895 sterilis
825 2834 892 2894 ero?

150 2915 211 2990 Ego
225 2915 322 2972 viridis
332 2916 425 2994 algida
439 2915 501 2974 Idae
514 2918 577 2974 nive
590 2917 692 2974 amicta
705 2916 766 2973 loca
779 2913 890 2974 colam?

151 2993 211 3069 Ego
224 2993 311 3052 vitam
325 3014 405 3072 agam
420 2996 473 3053 sub
487 2995 551 3053 eltis
566 2995 700 3073 Phrygiae
714 2995 909 3062 columinibus,

150 3071 208 3128 Ubi
222 3091 303 3130 cerva
316 3072 490 3141 silvicultrix,
505 3073 554 3131 ubi
567 3093 635 3164 aper
647 3070 865 3150 nemorivagusl

151 3149 225 3217 lam,
237 3149 297 3227 jam
311 3151 397 3220 dolet,
413 3152 489 3229 qnod
502 3153 563 3228 egi;
581 3173 649 3230 jam,
661 3151 777 3230 jamque
791 3151 941 3229 poenitet.”
1026 3153 1062 3208 70

190 3229 290 3287 Roseis
303 3238 336 3287 ut
349 3230 416 3288 huic
429 3230 537 3289 labellis
552 3231 648 3307 palens
663 3231 772 3288 sonitus
786 3229 854 3296 abit,

153 3306 285 3365 Geminas
299 3308 416 3366 deorum
429 3308 466 3367 ad
480 3329 561 3368 aures
574 3330 646 3367 nova
658 3309 759 3366 nuntia
771 3308 903 3375 referens,

152 3385 196 3443 Ibi
206 3385 306 3462 juncta
315 3387 385 3465 juga
398 3388 538 3447 resolvens
552 3387 658 3465 Cybele
670 3388 807 3455 leonibus,

153 3463 325 3542 Laevumque
340 3466 448 3542 peeoris
461 3466 571 3524 hostem
587 3467 745 3532 stimulans,
759 3466 800 3523 ita
812 3465 953 3543 loquitur:

155 3550 173 3574 ‘⁸
184 3541 325 3619 Agedum,
340 3544 443 3622 inquit,
455 3565 506 3622 age
521 3546 607 3612 ferox,
618 3545 645 3601 i:
660 3546 721 3602 face
734 3551 768 3601 ut
780 3544 847 3602 hinc
861 3543 1011 3613 furoribus,
1027 3549 1061 3604 75

154 3620 224 3679 Face
238 3630 271 3679 ut
283 3621 351 3681 hinc
364 3623 467 3681 furoris
481 3625 539 3681 ictu
553 3623 675 3681 reditum
689 3624 719 3680 in
732 3642 848 3682 nemora
860 3622 941 3692 ferat,
