2486 4172
208 209 246 268 50
475 227 567 266 snxm
588 226 724 266 arrasum
746 226 921 266 raorsnrrr

248 362 324 419 Laus
336 361 366 418 in
379 380 473 420 amore
486 362 573 419 mori:
598 362 660 418 laus
673 362 768 428 altera,
785 362 808 419 si
821 361 905 419 datur
917 381 974 420 uuo

287 440 372 497 Posse
385 441 450 497 frui.
491 441 580 498 Fruar
592 460 609 496 o
623 440 699 496 solus
713 459 806 498 amore
820 441 897 498 meol

247 519 353 576 Omnes
364 518 502 576 humanos
516 527 596 575 sanat
610 519 747 575 medicina
759 519 868 576 dolores
880 543 887 576 r

287 596 369 653 Solus
383 617 459 653 amor
472 598 563 654 morbi
577 617 634 653 non
648 605 723 653 amat
736 598 880 653 artificem.

247 674 339 732 Tarda
353 674 518 733 Philoctetae
532 675 638 732 sanavit
652 694 732 731 crura
746 674 896 743 Machaon,

287 753 428 810 Phoenieis
442 753 549 811 Chiron
562 753 668 810 lumina
682 753 867 828 Phillyrides:

247 830 285 886 Et
299 830 368 888 deus
380 832 548 888 exstinctum
564 831 671 888 Cressis
687 831 856 906 Epidaurius
870 830 963 888 herbis

287 909 421 966 Restituit
435 909 531 983 patriis
545 909 733 985 Androgeona
746 909 832 966 loeis:

249 987 352 1064 Mysus
366 997 393 1044 et
408 987 558 1044 Haemonia
568 988 679 1064 juvenis
693 1006 748 1063 qua
761 987 877 1063 cuspide
890 987 990 1044 vulnus

288 1065 426 1131 Senserat,
442 1065 494 1121 hae
508 1066 570 1141 ipsa
582 1065 697 1140 cuspide
712 1066 798 1122 sensit
812 1085 904 1142 opem.

248 1143 312 1202 Hoc
326 1144 349 1199 si
362 1143 423 1218 quis
436 1144 535 1200 vitium
549 1145 652 1219 poterit
666 1142 736 1200 mihi
749 1143 868 1211 demere,
883 1143 957 1201 solus

285 1222 425 1278 Tantaleae
439 1222 542 1297 poterit
556 1222 664 1278 tradere
678 1241 761 1298 poma
771 1241 874 1278 manu:

247 1299 329 1356 Dolia
342 1299 472 1375 virgineis
485 1299 558 1356 idern
573 1299 618 1356 ille
632 1299 779 1375 repleverit
792 1300 878 1364 urnis,

285 1377 330 1434 Ne
344 1374 438 1434 tenera
452 1377 562 1434 assidua
575 1378 646 1434 colla
659 1386 808 1453 graventur
821 1397 909 1454 aqua:

246 1455 325 1512 Idem
341 1455 475 1513 Caucasia
489 1455 576 1512 solvet
590 1455 623 1512 de
637 1475 707 1532 rupe
722 1455 882 1512 Promethei

285 1533 412 1600 Brachia,
428 1544 456 1590 et
469 1554 486 1590 a
499 1533 591 1590 medio
604 1544 716 1610 pectore
729 1535 814 1610 pellet
827 1553 916 1590 avem.

246 1611 273 1668 N
276 1631 311 1668 on
322 1612 367 1669 hie
381 1613 464 1669 verba
477 1613 587 1679 valent3
608 1631 664 1668 non
678 1612 724 1669 hic
738 1620 873 1668 nocturna
887 1611 1009 1688 Gytaeis3

284 1690 350 1746 Non
365 1690 524 1747 Perimedea
537 1691 663 1766 gramina
673 1699 747 1746 secta
760 1710 855 1746 manu.

245 1768 358 1844 Quippe
370 1769 419 1825 ubi
433 1788 484 1825 nec
498 1788 596 1824 causas
609 1787 660 1825 nec
673 1777 783 1842 apertos
797 1768 936 1825 cernimus
949 1768 1031 1836 ictus,

283 1846 366 1904 Unde
380 1854 473 1903 tamen
488 1847 599 1902 veniant
612 1855 655 1902 tot
665 1846 746 1913 mala,
762 1866 835 1903 caeca
848 1847 892 1902 via
904 1854 957 1903 est.

244 1925 310 1981 Non
322 1934 384 1999 eget
398 1925 444 1981 hic
458 1924 582 1991 medicis,
597 1942 653 1980 non
663 1923 742 1981 lectis
753 1925 883 1980 mollibus
897 1943 988 2000 aeger:

283 2002 360 2058 Huic
373 2002 481 2058 nullum
495 2002 559 2059 coeli
573 2010 685 2078 tempus
699 2010 727 2058 et
740 2021 807 2058 aura
820 2011 911 2060 nocet.

243 2079 388 2146 Ambulat,
400 2089 429 2136 et
442 2080 535 2136 subito
549 2080 685 2137 mirantur
700 2080 784 2136 funus
798 2080 889 2137 amici.

284 2157 328 2214 Sic
339 2166 381 2214 est
394 2158 547 2225 incautum,
562 2158 697 2235 quidquid
711 2159 830 2215 habetur
843 2177 931 2215 amor.

244 2235 473 2312 Quandocunque
486 2237 572 2312 igitur
585 2236 671 2293 vitam
685 2255 747 2293 mea
759 2237 818 2293 fata
831 2245 985 2312 reposcent,

283 2315 320 2369 Et
331 2315 413 2371 breve
427 2318 456 2370 in
469 2315 570 2390 exiguo
583 2334 721 2371 marmore
735 2333 835 2372 nomen
850 2334 906 2381 ero,

244 2392 393 2460 Maecenas,
408 2401 511 2449 nostrae
526 2412 590 2468 spes
603 2392 738 2449 invidiosa
747 2392 880 2468 juventae,
926 2408 928 2412 ’

282 2470 320 2526 Et
334 2471 399 2528 vitae
414 2480 441 2527 et
455 2471 537 2527 morti
552 2471 639 2548 gloria
649 2469 726 2546 justa
740 2491 819 2537 meae,

244 2549 273 2606 si
288 2557 315 2605 te
328 2547 399 2606 sorte
412 2568 475 2605 meo
489 2548 571 2606 ducet
585 2549 629 2604 via
642 2549 768 2624 proxima
782 2549 874 2616 busto,

282 2626 389 2683 Esseda
402 2627 507 2683 caelatis
521 2627 587 2683 siste
601 2627 737 2683 Britanna
746 2627 833 2704 jugis,

241 2705 375 2780 Taliaque
389 2704 555 2761 illacrimans
568 2712 655 2762 mutae
665 2705 727 2781 jace
738 2707 821 2762 verba
834 2705 952 2762 favillae:

282 2783 370 2839 Hurc
392 2800 516 2839 ursano
538 2800 644 2840 sarum
668 2801 757 2840 noan
777 2779 902 2842 roenna
923 2800 1008 2840 rum.

72 3003 86 3014 ·
114 3021 143 3100 ,3
236 2999 295 3080 ιχ
317 2966 344 3107 ς’·
574 3001 732 3096 γΕωςωΑ
752 3002 804 3058 rv.

243 3154 306 3210 Etsi
320 3126 364 3210 ine
379 3153 465 3210 invito
479 3151 607 3219 discedis,
623 3152 756 3228 Cynthia,
772 3153 871 3220 Roma,

282 3233 386 3299 Laetor,
402 3232 475 3308 quod
490 3232 550 3288 sine
562 3249 607 3288 me
622 3231 700 3287 deria
713 3251 778 3288 rura
791 3231 868 3288 colis.

243 3309 347 3368 Nullus
361 3310 413 3366 erit
426 3310 509 3367 castis
520 3309 630 3385 juvenis
643 3317 790 3386 corruptor
802 3311 832 3365 in
846 3309 929 3385 agris,

282 3388 339 3455 Qui
350 3396 377 3445 te
391 3388 533 3445 blanditiis
546 3408 602 3445 non
618 3387 691 3445 sinat
705 3407 765 3444 esse
776 3389 903 3464 probam.

243 3465 330 3524 Nulla
343 3485 432 3541 neque
445 3473 510 3522 ante
524 3475 586 3525 tuas
600 3466 704 3523 orietur
717 3466 778 3522 rixa
791 3466 937 3534 fenestras,

282 3544 343 3600 Nee
357 3544 409 3600 tibi
421 3544 548 3601 clamatae
562 3563 676 3601 somnus
686 3563 797 3601 amarus
811 3544 872 3601 erit.

1153 366 1189 422 45
