2486 4172
173 139 210 196 66
440 155 529 192 ssxrr
549 155 686 193 rursm
707 155 882 195 saoraurrr

211 285 348 343 Cerberus
361 291 390 342 et
402 285 492 342 nullas
506 285 587 342 hodie
600 293 678 362 petat
692 287 836 362 improbus
849 287 973 356 umbras,

249 363 287 419 Et
297 362 388 438 jaceat
401 365 486 421 tacita
498 363 576 440 lapsa
589 373 686 420 catena
698 384 768 421 sera.

210 442 277 518 Ipsa
290 441 388 516 loquor
400 461 452 519 pro
465 461 520 498 me.
561 443 591 499 Si
604 442 677 509 sallo,
692 462 776 518 poena
789 462 914 500 sororum

250 520 349 576 Infelix
363 520 495 576 humeros
509 527 607 595 urgeat
619 539 689 576 urna
702 540 786 577 meos.

211 597 241 654 Si
254 599 299 654 cui
312 597 386 654 l'ama
399 597 452 653 luit
465 617 515 675 per
528 599 601 654 avita
613 607 720 673 tropaea
731 597 834 665 decori,

248 675 319 732 Afra
334 675 523 732 Numantinos
536 695 621 750 regna
634 676 786 752 loquuntur
798 696 873 735 avos.

209 752 307 810 Altera
319 763 460 811 maternos
473 762 600 828 exaequat
613 755 695 810 turba
705 756 834 821 Libones

248 832 286 888 Et
300 831 400 888 domus
413 842 456 889 est
470 832 559 888 titulis
573 839 690 909 utraque
703 831 775 889 fulta
788 834 855 889 suis.

210 909 289 975 Mox,
305 910 353 966 ubi
363 910 423 986 jam
436 909 542 966 facibus
556 910 640 966 cessit
653 917 789 984 praetexta
802 909 917 978 maritis,

133 1027 136 1033 ·
245 987 345 1044 'Vinxit
358 998 386 1043 et
400 1006 525 1062 aspersas
538 987 624 1043 altera
636 989 706 1044 vitta
719 1007 829 1056 comas3

209 1065 328 1140 Jungor,
344 1064 448 1132 Paulle,
464 1074 522 1131 tuo,
537 1065 577 1122 sic
590 1064 752 1132 discessura,
773 1065 875 1122 cubili:

248 1142 283 1199 In
296 1143 387 1218 lapide
400 1143 466 1200 huic
479 1143 528 1198 uui
542 1152 630 1218 nupta
642 1143 728 1200 luisse
741 1143 826 1219 legar.

207 1220 308 1277 Testor
320 1223 456 1294 majorum
471 1221 575 1277 cineras
589 1220 649 1288 tibi,
665 1221 763 1289 Roma,
777 1221 920 1288 verendos,

247 1298 304 1354 Sub
319 1317 438 1374 quorum
446 1298 551 1364 titulis,
566 1297 662 1356 Africa
674 1307 763 1366 tonsa,
774 1299 869 1376 jaces:

208 1375 246 1432 Et
260 1376 371 1442 Persen,
386 1376 482 1452 proavi
496 1376 673 1433 simulantem
686 1385 785 1452 pectus
796 1377 922 1444 Achillis,

246 1453 358 1530 Quique
371 1462 434 1510 tuas
447 1473 551 1530 proavo
564 1454 648 1530 fregit
660 1453 771 1511 Achille
784 1455 899 1512 domos:

207 1531 257 1588 Me
271 1551 360 1608 neque
373 1551 497 1589 censurae
510 1532 599 1607 legem
613 1532 742 1599 mollisse,
756 1551 808 1589 nec
821 1532 877 1589 ulla

246 1610 322 1666 Labe
335 1629 398 1666 mea
410 1618 518 1667 vestros
532 1609 675 1666 erubuisse
687 1609 774 1666 socos.

207 1687 273 1744 Non
286 1687 339 1743 fuit
353 1688 458 1744 exuviis
472 1687 558 1744 tantis
573 1687 700 1744 Cornelia
714 1687 864 1743 damnum:

246 1764 322 1831 Quin
335 1773 394 1822 erat
408 1773 436 1822 et
449 1784 559 1840 magnae
571 1784 636 1840 pars
648 1764 783 1822 imitanda
796 1764 906 1821 domus.

206 1843 267 1900 Nec
280 1861 343 1900 mea
355 1849 463 1899 mutata
475 1852 517 1900 est
531 1851 617 1899 aetas:
639 1842 698 1898 sine
711 1842 826 1900 crimine
839 1850 899 1900 tota
912 1848 974 1900 est:

244 1920 374 1977 Viximus
387 1920 508 1995 insignes
521 1919 593 1976 inter
606 1926 752 1994 utramque
764 1919 863 1977 facem.

206 1998 251 2054 Mt
265 2006 365 2054 natura
378 1997 455 2055 dedit
468 1997 543 2073 leges
556 2017 573 2054 a
586 1997 720 2073 sanguine
733 1997 839 2066 ductas,

245 2074 290 2131 Ne
303 2095 413 2150 possem
427 2076 524 2132 melior
533 2075 636 2152 judicis
650 2093 710 2132 esse
723 2083 809 2132 metu.

207 2152 345 2220 Quaelibet
359 2161 483 2210 austeras
497 2153 532 2210 de
546 2171 590 2208 me
603 2152 674 2209 ferat
686 2171 757 2208 urna
770 2152 902 2220 tabellas3

244 2231 365 2306 Turpior
378 2249 486 2288 assessu
499 2251 556 2287 non
570 2230 622 2286 erit
636 2230 693 2287 ulla
706 2249 778 2287 meo.

206 2309 258 2366 Vel
278 2316 319 2376 tu,
335 2329 396 2384 quae
410 2308 518 2366 tardam
533 2308 645 2364 movisti
657 2307 724 2364 fune
738 2307 880 2384 Cybellen,

245 2386 369 2454 Claudia,
384 2388 491 2443 turritae
504 2405 568 2443 rara
581 2385 709 2442 ministra
722 2385 800 2442 deae:

205 2464 257 2520 Vel
271 2465 323 2531 oui,
340 2465 502 2538 commissos
516 2482 602 2540 quum
615 2462 701 2520 Vesta
714 2469 871 2538 reposceret
883 2463 973 2540 ignes,

244 2541 382 2599 Exhibuit
395 2542 472 2598 vivos
485 2542 617 2598 carbasus
630 2540 693 2597 alba
705 2541 792 2598 focos.

206 2620 266 2676 Nec
279 2628 316 2686 te,
332 2619 412 2676 dulce
425 2627 518 2694 caput,
533 2627 622 2675 mater
636 2618 786 2685 Scribonia,
799 2618 871 2676 laesi.

245 2698 280 2754 In
293 2714 338 2753 me
352 2704 491 2753 mutatum
506 2696 582 2772 quid,
597 2696 650 2752 nisi
663 2696 729 2763 fata,
744 2695 831 2753 velis?

206 2774 344 2831 Maternis
356 2773 454 2830 laudor
467 2774 597 2839 lacrimis,
612 2773 744 2848 urbisque
758 2773 884 2848 querelis

245 2852 367 2910 Defensa
380 2862 408 2908 et
421 2852 528 2926 gemitu
542 2851 663 2908 Caesaris
676 2869 739 2908 ossa
752 2870 822 2908 mea.

205 2929 257 2987 Ille
270 2929 323 2987 sua
335 2938 401 2987 nata
414 2930 527 3004 dignam
539 2929 641 2984 vixisse
655 2947 779 2985 sororem

244 3008 391 3083 Increpat:
413 3015 441 3064 et
454 3007 581 3064 lacrimas
594 3006 715 3062 vidimus
728 3006 767 3063 ire
781 3005 843 3063 deo.

204 3085 242 3142 Et
256 3095 350 3142 tamen
363 3085 467 3142 emerui
481 3103 630 3160 generosos
643 3084 728 3140 vestis
740 3083 869 3152 honores,

243 3162 305 3220 Neo
318 3181 380 3220 mea
394 3163 429 3219 de
442 3162 530 3218 sterili
544 3161 617 3218 saeta
630 3162 727 3236 rapina
740 3161 832 3218 domo.

202 3240 256 3307 Tu,
272 3240 387 3316 Lepide,
402 3247 430 3296 et
443 3247 483 3304 tu,
499 3239 603 3304 Paulle,
618 3257 712 3295 meum
726 3246 791 3313 post
804 3239 861 3295 fata
873 3237 1009 3307 levamen,

242 3317 364 3376 Condita
377 3326 442 3374 sunt
455 3326 548 3374 vestro
561 3316 667 3373 lumina
680 3325 776 3373 nostra
789 3317 861 3374 sinu.

203 3394 333 3452 Vidimus
347 3402 375 3451 et
388 3394 502 3451 fratrem
517 3394 612 3450 sellam
626 3395 782 3470 geminasse
795 3393 929 3462 curulem,

242 3471 364 3531 Consule
378 3481 432 3548 quo
446 3471 520 3528 sacto
535 3479 659 3546 tempore
673 3479 753 3547 rapta
766 3489 865 3529 soror,
