<?xml version="1.0" encoding="UTF-8"?>
<!DOCTYPE html PUBLIC "-//W3C//DTD XHTML 1.0 Transitional//EN"
    "http://www.w3.org/TR/xhtml1/DTD/xhtml1-transitional.dtd">
<html xmlns="http://www.w3.org/1999/xhtml" xml:lang="en" lang="en">
 <head>
  <title>
</title>
<meta http-equiv="Content-Type" content="text/html;charset=utf-8" />
  <meta name='ocr-system' content='tesseract 3.04.00' />
  <meta name='ocr-capabilities' content='ocr_page ocr_carea ocr_par ocr_line ocrx_word'/>
</head>
<body>
  <div class='ocr_page' id='page_1' title='image "./excerptaecarmin00donngoog_0074.png"; bbox 0 0 2486 4172; ppageno 0'>
   <div class='ocr_carea' id='block_1_1' title="bbox 485 197 642 238">
    <p class='ocr_par' dir='ltr' id='par_1_1' title="bbox 485 197 642 238">
     <span class='ocr_line' id='line_1_1' title="bbox 485 197 642 238; baseline 0.013 -2"><span class='ocrx_word' id='word_1_1' title='bbox 485 197 642 238; x_wconf 76' lang='lat' dir='ltr'>CARMINA.</span> 
     </span>
    </p>
   </div>
   <div class='ocr_carea' id='block_1_2' title="bbox 101 331 1055 1424">
    <p class='ocr_par' dir='ltr' id='par_1_2' title="bbox 107 331 839 488">
     <span class='ocr_line' id='line_1_2' title="bbox 107 331 839 412; baseline 0.001 -21"><span class='ocrx_word' id='word_1_2' title='bbox 107 333 213 392; x_wconf 85' lang='lat' dir='ltr'>cossus</span> <span class='ocrx_word' id='word_1_3' title='bbox 228 332 278 400; x_wconf 88' lang='lat' dir='ltr'>ait,</span> <span class='ocrx_word' id='word_1_4' title='bbox 296 339 315 364; x_wconf 80' lang='lat'>‘⁴</span> <span class='ocrx_word' id='word_1_5' title='bbox 324 331 404 390; x_wconf 84' lang='lat' dir='ltr'>Forti</span> <span class='ocrx_word' id='word_1_6' title='bbox 417 331 517 389; x_wconf 90' lang='lat' dir='ltr'>melius</span> <span class='ocrx_word' id='word_1_7' title='bbox 532 351 695 390; x_wconf 89' lang='lat' dir='ltr'>concurrere</span> <span class='ocrx_word' id='word_1_8' title='bbox 708 335 839 412; x_wconf 86' lang='lat' dir='ltr'>campo.’&#39;</span> 
     </span>
     <span class='ocr_line' id='line_1_3' title="bbox 143 409 832 488; baseline 0.003 -18"><span class='ocrx_word' id='word_1_9' title='bbox 143 413 207 470; x_wconf 85' lang='lat' dir='ltr'>Nec</span> <span class='ocrx_word' id='word_1_10' title='bbox 220 430 303 468; x_wconf 88' lang='lat' dir='ltr'>mora</span> <span class='ocrx_word' id='word_1_11' title='bbox 316 413 366 468; x_wconf 89' lang='lat' dir='ltr'>fit:</span> <span class='ocrx_word' id='word_1_12' title='bbox 388 409 473 486; x_wconf 84' lang='lat' dir='ltr'>plano</span> <span class='ocrx_word' id='word_1_13' title='bbox 485 411 560 468; x_wconf 88' lang='lat' dir='ltr'>sistit</span> <span class='ocrx_word' id='word_1_14' title='bbox 573 421 689 488; x_wconf 91' lang='lat' dir='ltr'>uterque</span> <span class='ocrx_word' id='word_1_15' title='bbox 703 413 832 488; x_wconf 83' lang='lat' dir='ltr'>gradum.</span> 
     </span>
    </p>

    <p class='ocr_par' dir='ltr' id='par_1_3' title="bbox 105 489 781 644">
     <span class='ocr_line' id='line_1_4' title="bbox 105 489 781 566; baseline 0.003 -20"><span class='ocrx_word' id='word_1_16' title='bbox 105 489 143 546; x_wconf 84' lang='lat' dir='ltr'>Di</span> <span class='ocrx_word' id='word_1_17' title='bbox 157 490 259 548; x_wconf 89' lang='lat' dir='ltr'>Latias</span> <span class='ocrx_word' id='word_1_18' title='bbox 270 489 368 566; x_wconf 88' lang='lat' dir='ltr'>juvere</span> <span class='ocrx_word' id='word_1_19' title='bbox 381 507 481 546; x_wconf 87' lang='lat' dir='ltr'>manus</span> <span class='ocrx_word' id='word_1_20' title='bbox 494 511 500 544; x_wconf 91' lang='lat'><strong>:</strong></span> <span class='ocrx_word' id='word_1_21' title='bbox 523 489 634 546; x_wconf 86' lang='lat' dir='ltr'>desecta</span> <span class='ocrx_word' id='word_1_22' title='bbox 647 491 781 548; x_wconf 84' lang='lat' dir='ltr'>Tolumni</span> 
     </span>
     <span class='ocr_line' id='line_1_5' title="bbox 143 566 751 644; baseline 0.005 -20"><span class='ocrx_word' id='word_1_23' title='bbox 143 567 253 625; x_wconf 87' lang='lat' dir='ltr'>Cervix</span> <span class='ocrx_word' id='word_1_24' title='bbox 269 568 413 624; x_wconf 84' lang='lat' dir='ltr'>Romanos</span> <span class='ocrx_word' id='word_1_25' title='bbox 427 566 561 643; x_wconf 84' lang='lat' dir='ltr'>sanguine</span> <span class='ocrx_word' id='word_1_26' title='bbox 574 567 642 625; x_wconf 83' lang='lat' dir='ltr'>lavit</span> <span class='ocrx_word' id='word_1_27' title='bbox 655 587 751 644; x_wconf 86' lang='lat' dir='ltr'>equos.</span> 
     </span>
    </p>

    <p class='ocr_par' dir='ltr' id='par_1_4' title="bbox 103 644 758 800">
     <span class='ocr_line' id='line_1_6' title="bbox 103 644 758 720; baseline 0.002 -17"><span class='ocrx_word' id='word_1_28' title='bbox 103 644 246 703; x_wconf 84' lang='lat' dir='ltr'>Claudius</span> <span class='ocrx_word' id='word_1_29' title='bbox 261 665 278 702; x_wconf 83' lang='lat' dir='ltr'>a</span> <span class='ocrx_word' id='word_1_30' title='bbox 292 645 392 702; x_wconf 85' lang='lat' dir='ltr'>Rheno</span> <span class='ocrx_word' id='word_1_31' title='bbox 406 644 537 720; x_wconf 89' lang='lat' dir='ltr'>trajectos</span> <span class='ocrx_word' id='word_1_32' title='bbox 550 647 640 703; x_wconf 85' lang='lat' dir='ltr'>arcuit</span> <span class='ocrx_word' id='word_1_33' title='bbox 653 645 758 716; x_wconf 86' lang='lat' dir='ltr'>hostes,</span> 
     </span>
     <span class='ocr_line' id='line_1_7' title="bbox 141 723 731 800; baseline 0.003 -20"><span class='ocrx_word' id='word_1_34' title='bbox 141 723 265 800; x_wconf 75' lang='lat' dir='ltr'>Belgica</span> <span class='ocrx_word' id='word_1_35' title='bbox 278 743 342 780; x_wconf 88' lang='lat' dir='ltr'>cum</span> <span class='ocrx_word' id='word_1_36' title='bbox 357 723 429 779; x_wconf 83' lang='lat' dir='ltr'>vasti</span> <span class='ocrx_word' id='word_1_37' title='bbox 443 742 539 798; x_wconf 85' lang='lat' dir='ltr'>parma</span> <span class='ocrx_word' id='word_1_38' title='bbox 552 723 639 781; x_wconf 80' lang='lat' dir='ltr'>reluta</span> <span class='ocrx_word' id='word_1_39' title='bbox 652 725 731 782; x_wconf 86' lang='lat' dir='ltr'>ducis</span> 
     </span>
    </p>

    <p class='ocr_par' dir='ltr' id='par_1_5' title="bbox 102 799 864 956">
     <span class='ocr_line' id='line_1_8' title="bbox 102 799 864 880; baseline 0.009 -25"><span class='ocrx_word' id='word_1_40' title='bbox 102 800 283 859; x_wconf 86' lang='lat' dir='ltr'>Virdumari.</span> <span class='ocrx_word' id='word_1_41' title='bbox 325 800 422 858; x_wconf 86' lang='lat' dir='ltr'>Genus</span> <span class='ocrx_word' id='word_1_42' title='bbox 436 799 482 857; x_wconf 92' lang='lat' dir='ltr'>hic</span> <span class='ocrx_word' id='word_1_43' title='bbox 496 801 596 858; x_wconf 81' lang='lat' dir='ltr'>Rheno</span> <span class='ocrx_word' id='word_1_44' title='bbox 606 801 731 878; x_wconf 87' lang='lat' dir='ltr'>jactabat</span> <span class='ocrx_word' id='word_1_45' title='bbox 744 803 779 860; x_wconf 91' lang='lat' dir='ltr'>ab</span> <span class='ocrx_word' id='word_1_46' title='bbox 793 803 864 880; x_wconf 88' lang='lat' dir='ltr'>ipso,</span> 
     </span>
     <span class='ocr_line' id='line_1_9' title="bbox 141 878 690 956; baseline 0.004 -20"><span class='ocrx_word' id='word_1_47' title='bbox 141 879 263 936; x_wconf 86' lang='lat' dir='ltr'>Nobilis</span> <span class='ocrx_word' id='word_1_48' title='bbox 277 898 292 936; x_wconf 91' lang='lat' dir='ltr'>e</span> <span class='ocrx_word' id='word_1_49' title='bbox 305 879 389 936; x_wconf 89' lang='lat' dir='ltr'>tectis</span> <span class='ocrx_word' id='word_1_50' title='bbox 402 878 518 936; x_wconf 82' lang='lat' dir='ltr'>fundere</span> <span class='ocrx_word' id='word_1_51' title='bbox 532 898 598 956; x_wconf 79' lang='lat' dir='ltr'>gesa</span> <span class='ocrx_word' id='word_1_52' title='bbox 611 880 690 940; x_wconf 87' lang='lat' dir='ltr'>rotis.</span> 
     </span>
    </p>

    <p class='ocr_par' dir='ltr' id='par_1_6' title="bbox 101 955 740 1113">
     <span class='ocr_line' id='line_1_10' title="bbox 101 955 740 1034; baseline 0.005 -21"><span class='ocrx_word' id='word_1_53' title='bbox 101 955 150 1013; x_wconf 93' lang='lat' dir='ltr'>Illi</span> <span class='ocrx_word' id='word_1_54' title='bbox 163 957 288 1034; x_wconf 79' lang='lat' dir='ltr'>virgatis</span> <span class='ocrx_word' id='word_1_55' title='bbox 297 955 447 1033; x_wconf 88' lang='lat' dir='ltr'>jaculantis</span> <span class='ocrx_word' id='word_1_56' title='bbox 461 957 496 1013; x_wconf 89' lang='lat' dir='ltr'>ab</span> <span class='ocrx_word' id='word_1_57' title='bbox 509 957 621 1031; x_wconf 79' lang='lat' dir='ltr'><strong>agmine</strong></span> <span class='ocrx_word' id='word_1_58' title='bbox 633 958 740 1016; x_wconf 75' lang='lat' dir='ltr'><strong>braccis</strong></span> 
     </span>
     <span class='ocr_line' id='line_1_11' title="bbox 140 1033 711 1113; baseline 0.004 -21"><span class='ocrx_word' id='word_1_59' title='bbox 140 1035 272 1113; x_wconf 84' lang='lat' dir='ltr'>Torquis</span> <span class='ocrx_word' id='word_1_60' title='bbox 285 1035 320 1091; x_wconf 83' lang='lat' dir='ltr'>ab</span> <span class='ocrx_word' id='word_1_61' title='bbox 333 1033 422 1091; x_wconf 86' lang='lat' dir='ltr'>incisa</span> <span class='ocrx_word' id='word_1_62' title='bbox 434 1034 538 1092; x_wconf 86' lang='lat' dir='ltr'>decidit</span> <span class='ocrx_word' id='word_1_63' title='bbox 551 1054 623 1092; x_wconf 85' lang='lat' dir='ltr'>unca</span> <span class='ocrx_word' id='word_1_64' title='bbox 636 1037 711 1108; x_wconf 83' lang='lat' dir='ltr'>guis.</span> 
     </span>
    </p>

    <p class='ocr_par' dir='ltr' id='par_1_7' title="bbox 102 1111 1055 1266">
     <span class='ocr_line' id='line_1_12' title="bbox 102 1111 1055 1190; baseline 0.008 -20"><span class='ocrx_word' id='word_1_65' title='bbox 102 1111 131 1170; x_wconf 92' lang='lat' dir='ltr'>N</span> <span class='ocrx_word' id='word_1_66' title='bbox 132 1131 192 1170; x_wconf 89' lang='lat' dir='ltr'>unc</span> <span class='ocrx_word' id='word_1_67' title='bbox 207 1111 300 1190; x_wconf 87' lang='lat' dir='ltr'>spolia</span> <span class='ocrx_word' id='word_1_68' title='bbox 312 1112 342 1168; x_wconf 90' lang='lat' dir='ltr'>in</span> <span class='ocrx_word' id='word_1_69' title='bbox 354 1113 460 1188; x_wconf 89' lang='lat' dir='ltr'>templo</span> <span class='ocrx_word' id='word_1_70' title='bbox 474 1113 528 1170; x_wconf 87' lang='lat' dir='ltr'>tria</span> <span class='ocrx_word' id='word_1_71' title='bbox 540 1112 669 1172; x_wconf 84' lang='lat' dir='ltr'>condita:</span> <span class='ocrx_word' id='word_1_72' title='bbox 691 1133 773 1172; x_wconf 83' lang='lat' dir='ltr'>causa</span> <span class='ocrx_word' id='word_1_73' title='bbox 785 1115 900 1185; x_wconf 85' lang='lat' dir='ltr'>Feretri,</span> <span class='ocrx_word' id='word_1_74' title='bbox 1017 1125 1055 1178; x_wconf 82' lang='grc'>45</span> 
     </span>
     <span class='ocr_line' id='line_1_13' title="bbox 141 1190 789 1266; baseline 0.002 -18"><span class='ocrx_word' id='word_1_75' title='bbox 141 1191 252 1248; x_wconf 87' lang='lat' dir='ltr'>Omine</span> <span class='ocrx_word' id='word_1_76' title='bbox 266 1190 342 1266; x_wconf 88' lang='lat' dir='ltr'>quod</span> <span class='ocrx_word' id='word_1_77' title='bbox 354 1198 430 1248; x_wconf 85' lang='lat' dir='ltr'>certo</span> <span class='ocrx_word' id='word_1_78' title='bbox 444 1191 501 1247; x_wconf 86' lang='lat' dir='ltr'>dux</span> <span class='ocrx_word' id='word_1_79' title='bbox 515 1190 579 1248; x_wconf 77' lang='lat' dir='ltr'>serit</span> <span class='ocrx_word' id='word_1_80' title='bbox 592 1210 658 1249; x_wconf 88' lang='lat' dir='ltr'>ense</span> <span class='ocrx_word' id='word_1_81' title='bbox 671 1191 789 1261; x_wconf 90' lang='lat' dir='ltr'>ducem;</span> 
     </span>
    </p>

    <p class='ocr_par' dir='ltr' id='par_1_8' title="bbox 103 1267 854 1424">
     <span class='ocr_line' id='line_1_14' title="bbox 103 1267 854 1346; baseline 0.008 -22"><span class='ocrx_word' id='word_1_82' title='bbox 103 1267 161 1325; x_wconf 88' lang='lat' dir='ltr'>Seu</span> <span class='ocrx_word' id='word_1_83' title='bbox 175 1269 248 1346; x_wconf 82' lang='lat' dir='ltr'>quis</span> <span class='ocrx_word' id='word_1_84' title='bbox 259 1269 333 1326; x_wconf 84' lang='lat' dir='ltr'>victa</span> <span class='ocrx_word' id='word_1_85' title='bbox 346 1268 405 1326; x_wconf 87' lang='lat' dir='ltr'>suis</span> <span class='ocrx_word' id='word_1_86' title='bbox 418 1267 541 1326; x_wconf 86' lang='lat' dir='ltr'>humeris</span> <span class='ocrx_word' id='word_1_87' title='bbox 554 1268 617 1327; x_wconf 85' lang='lat' dir='ltr'>haec</span> <span class='ocrx_word' id='word_1_88' title='bbox 630 1288 708 1326; x_wconf 85' lang='lat' dir='ltr'>arma</span> <span class='ocrx_word' id='word_1_89' title='bbox 720 1270 854 1341; x_wconf 83' lang='lat' dir='ltr'>ferebant,</span> 
     </span>
     <span class='ocr_line' id='line_1_15' title="bbox 143 1346 788 1424; baseline 0.005 -19"><span class='ocrx_word' id='word_1_90' title='bbox 143 1347 227 1405; x_wconf 91' lang='lat' dir='ltr'>Hinc</span> <span class='ocrx_word' id='word_1_91' title='bbox 242 1346 349 1406; x_wconf 82' lang='lat' dir='ltr'>Feretri</span> <span class='ocrx_word' id='word_1_92' title='bbox 362 1346 436 1404; x_wconf 82' lang='lat' dir='ltr'>dicta</span> <span class='ocrx_word' id='word_1_93' title='bbox 449 1354 492 1406; x_wconf 87' lang='lat' dir='ltr'>est</span> <span class='ocrx_word' id='word_1_94' title='bbox 504 1366 553 1406; x_wconf 81' lang='lat' dir='ltr'>uro</span> <span class='ocrx_word' id='word_1_95' title='bbox 565 1348 685 1424; x_wconf 84' lang='lat' dir='ltr'>superba</span> <span class='ocrx_word' id='word_1_96' title='bbox 699 1349 718 1406; x_wconf 89' lang='lat' dir='ltr'><strong>J</strong></span> <span class='ocrx_word' id='word_1_97' title='bbox 719 1349 788 1408; x_wconf 87' lang='lat' dir='ltr'>ovis.</span> 
     </span>
    </p>
   </div>
   <div class='ocr_carea' id='block_1_3' title="bbox 444 1591 1032 1721">
    <p class='ocr_par' dir='ltr' id='par_1_9' title="bbox 444 1591 1032 1721">
     <span class='ocr_line' id='line_1_16' title="bbox 444 1591 1032 1721; baseline 0.005 -43"><span class='ocrx_word' id='word_1_98' title='bbox 444 1620 593 1682; x_wconf 75' lang='lat' dir='ltr'>nanum</span> <span class='ocrx_word' id='word_1_99' title='bbox 613 1621 684 1680; x_wconf 76' lang='grc' dir='ltr'>ΧΠ.</span> <span class='ocrx_word' id='word_1_100' title='bbox 705 1617 720 1721; x_wconf 57' lang='lat'>3</span> <span class='ocrx_word' id='word_1_101' title='bbox 890 1597 929 1704; x_wconf 68' lang='lat' dir='ltr'>t‘</span> <span class='ocrx_word' id='word_1_102' title='bbox 994 1591 1002 1692; x_wconf 84' lang='lat' dir='ltr'>l</span> <span class='ocrx_word' id='word_1_103' title='bbox 1025 1591 1032 1694; x_wconf 81' lang='lat' dir='ltr'>l</span> 
     </span>
    </p>
   </div>
   <div class='ocr_carea' id='block_1_4' title="bbox 104 1797 893 3672">
    <p class='ocr_par' dir='ltr' id='par_1_10' title="bbox 104 1797 893 1955">
     <span class='ocr_line' id='line_1_17' title="bbox 104 1797 893 1878; baseline 0.005 -22"><span class='ocrx_word' id='word_1_104' title='bbox 104 1797 222 1869; x_wconf 82' lang='lat' dir='ltr'>Desine,</span> <span class='ocrx_word' id='word_1_105' title='bbox 238 1797 344 1867; x_wconf 80' lang='lat' dir='ltr'>Paullo,</span> <span class='ocrx_word' id='word_1_106' title='bbox 359 1818 454 1858; x_wconf 91' lang='lat' dir='ltr'>meum</span> <span class='ocrx_word' id='word_1_107' title='bbox 466 1799 588 1857; x_wconf 81' lang='lat' dir='ltr'>lacrimis</span> <span class='ocrx_word' id='word_1_108' title='bbox 602 1819 701 1877; x_wconf 84' lang='lat' dir='ltr'>urgere</span> <span class='ocrx_word' id='word_1_109' title='bbox 715 1800 893 1878; x_wconf 86' lang='lat' dir='ltr'>sepulcrum:</span> 
     </span>
     <span class='ocr_line' id='line_1_18' title="bbox 148 1877 749 1955; baseline 0.005 -20"><span class='ocrx_word' id='word_1_110' title='bbox 148 1877 290 1936; x_wconf 79' lang='lat' dir='ltr'>Panditur</span> <span class='ocrx_word' id='word_1_111' title='bbox 303 1877 338 1935; x_wconf 90' lang='lat' dir='ltr'>ad</span> <span class='ocrx_word' id='word_1_112' title='bbox 351 1877 440 1935; x_wconf 83' lang='lat' dir='ltr'>nullos</span> <span class='ocrx_word' id='word_1_113' title='bbox 450 1877 537 1955; x_wconf 84' lang='lat' dir='ltr'>janua</span> <span class='ocrx_word' id='word_1_114' title='bbox 550 1878 630 1954; x_wconf 84' lang='lat' dir='ltr'>nigra</span> <span class='ocrx_word' id='word_1_115' title='bbox 643 1897 749 1955; x_wconf 85' lang='lat' dir='ltr'>preces.</span> 
     </span>
    </p>

    <p class='ocr_par' dir='ltr' id='par_1_11' title="bbox 106 1953 862 2092">
     <span class='ocr_line' id='line_1_19' title="bbox 106 1953 862 2034; baseline -0.003 -22"><span class='ocrx_word' id='word_1_116' title='bbox 106 1953 208 2022; x_wconf 81' lang='lat' dir='ltr'>Quum</span> <span class='ocrx_word' id='word_1_117' title='bbox 222 1956 309 2013; x_wconf 88' lang='lat' dir='ltr'>semel</span> <span class='ocrx_word' id='word_1_118' title='bbox 321 1955 444 2013; x_wconf 81' lang='lat' dir='ltr'>infernas</span> <span class='ocrx_word' id='word_1_119' title='bbox 456 1955 598 2017; x_wconf 87' lang='lat' dir='ltr'>intrarunt</span> <span class='ocrx_word' id='word_1_120' title='bbox 610 1956 709 2014; x_wconf 84' lang='lat' dir='ltr'>funera</span> <span class='ocrx_word' id='word_1_121' title='bbox 721 1957 806 2034; x_wconf 85' lang='lat' dir='ltr'>leges,</span> <span class='ocrx_word' id='word_1_122' title='bbox 851 1998 862 2010; x_wconf 77' lang='grc'><em>,</em></span> 
     </span>
     <span class='ocr_line' id='line_1_20' title="bbox 148 2033 670 2092; baseline 0.002 -1"><span class='ocrx_word' id='word_1_123' title='bbox 148 2034 219 2092; x_wconf 91' lang='lat' dir='ltr'>Non</span> <span class='ocrx_word' id='word_1_124' title='bbox 234 2041 347 2092; x_wconf 87' lang='lat' dir='ltr'>exorato</span> <span class='ocrx_word' id='word_1_125' title='bbox 361 2040 436 2091; x_wconf 85' lang='lat' dir='ltr'>stant</span> <span class='ocrx_word' id='word_1_126' title='bbox 449 2033 596 2092; x_wconf 84' lang='lat' dir='ltr'>adamante</span> <span class='ocrx_word' id='word_1_127' title='bbox 606 2035 670 2092; x_wconf 86' lang='lat' dir='ltr'>viae.</span> 
     </span>
    </p>

    <p class='ocr_par' dir='ltr' id='par_1_12' title="bbox 106 2109 794 2267">
     <span class='ocr_line' id='line_1_21' title="bbox 106 2109 753 2182; baseline 0.002 -14"><span class='ocrx_word' id='word_1_128' title='bbox 106 2109 151 2169; x_wconf 83' lang='lat' dir='ltr'>Te</span> <span class='ocrx_word' id='word_1_129' title='bbox 164 2111 231 2170; x_wconf 85' lang='lat' dir='ltr'>licet</span> <span class='ocrx_word' id='word_1_130' title='bbox 244 2120 370 2169; x_wconf 85' lang='lat' dir='ltr'>orantem</span> <span class='ocrx_word' id='word_1_131' title='bbox 383 2111 469 2169; x_wconf 82' lang='lat' dir='ltr'>fuscae</span> <span class='ocrx_word' id='word_1_132' title='bbox 483 2111 551 2170; x_wconf 88' lang='lat' dir='ltr'>deus</span> <span class='ocrx_word' id='word_1_133' title='bbox 564 2112 660 2169; x_wconf 83' lang='lat' dir='ltr'>audiat</span> <span class='ocrx_word' id='word_1_134' title='bbox 673 2111 753 2182; x_wconf 84' lang='lat' dir='ltr'>aulae,</span> 
     </span>
     <span class='ocr_line' id='line_1_22' title="bbox 149 2188 794 2267; baseline 0 -19"><span class='ocrx_word' id='word_1_135' title='bbox 149 2191 263 2267; x_wconf 84' lang='lat' dir='ltr'>Nempe</span> <span class='ocrx_word' id='word_1_136' title='bbox 277 2197 340 2246; x_wconf 88' lang='lat' dir='ltr'>tuas</span> <span class='ocrx_word' id='word_1_137' title='bbox 352 2188 481 2247; x_wconf 83' lang='lat' dir='ltr'>lacrimas</span> <span class='ocrx_word' id='word_1_138' title='bbox 494 2190 576 2248; x_wconf 86' lang='lat' dir='ltr'>litora</span> <span class='ocrx_word' id='word_1_139' title='bbox 590 2191 675 2247; x_wconf 86' lang='lat' dir='ltr'>surda</span> <span class='ocrx_word' id='word_1_140' title='bbox 688 2191 794 2248; x_wconf 88' lang='lat' dir='ltr'>bibent.</span> 
     </span>
    </p>

    <p class='ocr_par' dir='ltr' id='par_1_13' title="bbox 107 2266 889 2422">
     <span class='ocr_line' id='line_1_23' title="bbox 107 2266 889 2348; baseline 0.005 -24"><span class='ocrx_word' id='word_1_141' title='bbox 107 2266 187 2326; x_wconf 85' lang='lat' dir='ltr'>Vota</span> <span class='ocrx_word' id='word_1_142' title='bbox 199 2275 313 2324; x_wconf 86' lang='lat' dir='ltr'>movent</span> <span class='ocrx_word' id='word_1_143' title='bbox 327 2268 459 2346; x_wconf 82' lang='lat' dir='ltr'>Superos.</span> <span class='ocrx_word' id='word_1_144' title='bbox 500 2268 559 2325; x_wconf 90' lang='lat' dir='ltr'>Ubi</span> <span class='ocrx_word' id='word_1_145' title='bbox 572 2268 692 2345; x_wconf 88' lang='lat' dir='ltr'>portitor</span> <span class='ocrx_word' id='word_1_146' title='bbox 705 2288 762 2326; x_wconf 82' lang='lat' dir='ltr'>aero</span> <span class='ocrx_word' id='word_1_147' title='bbox 774 2271 889 2348; x_wconf 90' lang='lat' dir='ltr'>recepit,</span> 
     </span>
     <span class='ocr_line' id='line_1_24' title="bbox 150 2344 742 2422; baseline 0 -18"><span class='ocrx_word' id='word_1_148' title='bbox 150 2347 275 2404; x_wconf 87' lang='lat' dir='ltr'>Obserat</span> <span class='ocrx_word' id='word_1_149' title='bbox 287 2346 436 2402; x_wconf 86' lang='lat' dir='ltr'>umbrosos</span> <span class='ocrx_word' id='word_1_150' title='bbox 449 2344 542 2403; x_wconf 85' lang='lat' dir='ltr'>lurida</span> <span class='ocrx_word' id='word_1_151' title='bbox 554 2358 636 2422; x_wconf 85' lang='lat' dir='ltr'>porto</span> <span class='ocrx_word' id='word_1_152' title='bbox 649 2365 742 2422; x_wconf 84' lang='lat' dir='ltr'>rogos.</span> 
     </span>
    </p>

    <p class='ocr_par' dir='ltr' id='par_1_14' title="bbox 110 2423 888 2578">
     <span class='ocr_line' id='line_1_25' title="bbox 110 2423 888 2500; baseline 0 -18"><span class='ocrx_word' id='word_1_153' title='bbox 110 2423 159 2483; x_wconf 85' lang='lat' dir='ltr'>Sic</span> <span class='ocrx_word' id='word_1_154' title='bbox 173 2432 284 2482; x_wconf 86' lang='lat' dir='ltr'>moestae</span> <span class='ocrx_word' id='word_1_155' title='bbox 298 2423 419 2481; x_wconf 88' lang='lat' dir='ltr'>cecinere</span> <span class='ocrx_word' id='word_1_156' title='bbox 433 2424 519 2491; x_wconf 80' lang='lat' dir='ltr'>tubae,</span> <span class='ocrx_word' id='word_1_157' title='bbox 535 2444 621 2500; x_wconf 90' lang='lat' dir='ltr'>quum</span> <span class='ocrx_word' id='word_1_158' title='bbox 635 2425 748 2482; x_wconf 86' lang='lat' dir='ltr'>subdite</span> <span class='ocrx_word' id='word_1_159' title='bbox 761 2433 888 2483; x_wconf 90' lang='lat' dir='ltr'>nostrum</span> 
     </span>
     <span class='ocr_line' id='line_1_26' title="bbox 151 2501 699 2578; baseline 0 -19"><span class='ocrx_word' id='word_1_160' title='bbox 151 2501 322 2559; x_wconf 78' lang='lat' dir='ltr'>Detraheret</span> <span class='ocrx_word' id='word_1_161' title='bbox 334 2501 406 2558; x_wconf 91' lang='lat' dir='ltr'>lecto</span> <span class='ocrx_word' id='word_1_162' title='bbox 419 2502 466 2558; x_wconf 83' lang='lat' dir='ltr'>fax</span> <span class='ocrx_word' id='word_1_163' title='bbox 478 2502 591 2559; x_wconf 90' lang='lat' dir='ltr'>inimica</span> <span class='ocrx_word' id='word_1_164' title='bbox 604 2510 699 2578; x_wconf 85' lang='lat' dir='ltr'>caput.</span> 
     </span>
    </p>

    <p class='ocr_par' dir='ltr' id='par_1_15' title="bbox 111 2579 887 2734">
     <span class='ocr_line' id='line_1_27' title="bbox 111 2579 887 2656; baseline 0.003 -19"><span class='ocrx_word' id='word_1_165' title='bbox 111 2580 193 2650; x_wconf 82' lang='lat' dir='ltr'>Quid</span> <span class='ocrx_word' id='word_1_166' title='bbox 205 2579 276 2636; x_wconf 92' lang='lat' dir='ltr'>mihi</span> <span class='ocrx_word' id='word_1_167' title='bbox 289 2579 449 2656; x_wconf 86' lang='lat' dir='ltr'>conjugium</span> <span class='ocrx_word' id='word_1_168' title='bbox 464 2579 563 2648; x_wconf 86' lang='lat' dir='ltr'>Paulli,</span> <span class='ocrx_word' id='word_1_169' title='bbox 579 2581 647 2656; x_wconf 90' lang='lat' dir='ltr'>quid</span> <span class='ocrx_word' id='word_1_170' title='bbox 660 2599 758 2638; x_wconf 87' lang='lat' dir='ltr'>currus</span> <span class='ocrx_word' id='word_1_171' title='bbox 772 2600 887 2639; x_wconf 83' lang='lat' dir='ltr'>avorum</span> 
     </span>
     <span class='ocr_line' id='line_1_28' title="bbox 153 2657 761 2734; baseline 0.005 -20"><span class='ocrx_word' id='word_1_172' title='bbox 153 2657 273 2726; x_wconf 85' lang='lat' dir='ltr'>Profuit,</span> <span class='ocrx_word' id='word_1_173' title='bbox 288 2665 337 2714; x_wconf 87' lang='lat' dir='ltr'>aut</span> <span class='ocrx_word' id='word_1_174' title='bbox 350 2659 433 2715; x_wconf 81' lang='lat' dir='ltr'>famae</span> <span class='ocrx_word' id='word_1_175' title='bbox 447 2657 564 2734; x_wconf 84' lang='lat' dir='ltr'>pignora</span> <span class='ocrx_word' id='word_1_176' title='bbox 577 2667 656 2716; x_wconf 84' lang='lat' dir='ltr'>tante</span> <span class='ocrx_word' id='word_1_177' title='bbox 668 2657 761 2717; x_wconf 77' lang='lat' dir='ltr'>merel</span> 
     </span>
    </p>

    <p class='ocr_par' dir='ltr' id='par_1_16' title="bbox 111 2735 852 2891">
     <span class='ocr_line' id='line_1_29' title="bbox 111 2735 829 2798; baseline 0.006 -4"><span class='ocrx_word' id='word_1_178' title='bbox 111 2736 194 2794; x_wconf 90' lang='lat' dir='ltr'>Num</span> <span class='ocrx_word' id='word_1_179' title='bbox 207 2735 301 2793; x_wconf 86' lang='lat' dir='ltr'>minus</span> <span class='ocrx_word' id='word_1_180' title='bbox 312 2735 435 2793; x_wconf 83' lang='lat' dir='ltr'>immites</span> <span class='ocrx_word' id='word_1_181' title='bbox 448 2736 548 2794; x_wconf 88' lang='lat' dir='ltr'>habuit</span> <span class='ocrx_word' id='word_1_182' title='bbox 562 2736 691 2794; x_wconf 84' lang='lat' dir='ltr'>Cornelia</span> <span class='ocrx_word' id='word_1_183' title='bbox 705 2736 829 2798; x_wconf 72' lang='lat' dir='ltr'>Parcas?</span> 
     </span>
     <span class='ocr_line' id='line_1_30' title="bbox 153 2813 852 2891; baseline 0.006 -21"><span class='ocrx_word' id='word_1_184' title='bbox 153 2814 200 2870; x_wconf 87' lang='lat' dir='ltr'>En</span> <span class='ocrx_word' id='word_1_185' title='bbox 213 2833 284 2881; x_wconf 89' lang='lat' dir='ltr'>sum,</span> <span class='ocrx_word' id='word_1_186' title='bbox 302 2813 377 2889; x_wconf 89' lang='lat' dir='ltr'>quod</span> <span class='ocrx_word' id='word_1_187' title='bbox 391 2813 486 2890; x_wconf 85' lang='lat' dir='ltr'>digitis</span> <span class='ocrx_word' id='word_1_188' title='bbox 499 2814 622 2891; x_wconf 89' lang='lat' dir='ltr'>quinque</span> <span class='ocrx_word' id='word_1_189' title='bbox 634 2815 750 2884; x_wconf 86' lang='lat' dir='ltr'>levatur,</span> <span class='ocrx_word' id='word_1_190' title='bbox 766 2816 852 2874; x_wconf 86' lang='lat' dir='ltr'>onus!</span> 
     </span>
    </p>

    <p class='ocr_par' dir='ltr' id='par_1_17' title="bbox 112 2892 804 3048">
     <span class='ocr_line' id='line_1_31' title="bbox 112 2892 798 2970; baseline 0.001 -20"><span class='ocrx_word' id='word_1_191' title='bbox 112 2892 263 2950; x_wconf 72' lang='lat' dir='ltr'>Damnata</span> <span class='ocrx_word' id='word_1_192' title='bbox 277 2899 383 2960; x_wconf 79' lang='lat' dir='ltr'>nocteS,</span> <span class='ocrx_word' id='word_1_193' title='bbox 399 2905 427 2952; x_wconf 88' lang='lat' dir='ltr'>et</span> <span class='ocrx_word' id='word_1_194' title='bbox 440 2911 489 2950; x_wconf 91' lang='lat' dir='ltr'>vos</span> <span class='ocrx_word' id='word_1_195' title='bbox 503 2892 574 2950; x_wconf 84' lang='lat' dir='ltr'>vada</span> <span class='ocrx_word' id='word_1_196' title='bbox 586 2893 661 2950; x_wconf 89' lang='lat' dir='ltr'>lenta</span> <span class='ocrx_word' id='word_1_197' title='bbox 673 2893 798 2970; x_wconf 83' lang='lat' dir='ltr'>paludes,</span> 
     </span>
     <span class='ocr_line' id='line_1_32' title="bbox 154 2970 804 3048; baseline 0.005 -21"><span class='ocrx_word' id='word_1_198' title='bbox 154 2970 192 3027; x_wconf 85' lang='lat' dir='ltr'>Et</span> <span class='ocrx_word' id='word_1_199' title='bbox 206 2989 377 3046; x_wconf 82' lang='lat' dir='ltr'>quaecunque</span> <span class='ocrx_word' id='word_1_200' title='bbox 390 2989 467 3028; x_wconf 91' lang='lat' dir='ltr'>meos</span> <span class='ocrx_word' id='word_1_201' title='bbox 481 2971 606 3046; x_wconf 82' lang='lat' dir='ltr'>implicat</span> <span class='ocrx_word' id='word_1_202' title='bbox 619 2972 695 3028; x_wconf 85' lang='lat' dir='ltr'>unda</span> <span class='ocrx_word' id='word_1_203' title='bbox 707 2972 804 3048; x_wconf 76' lang='lat' dir='ltr'>pedeS,</span> 
     </span>
    </p>

    <p class='ocr_par' dir='ltr' id='par_1_18' title="bbox 112 3047 790 3203">
     <span class='ocr_line' id='line_1_33' title="bbox 112 3047 790 3114; baseline 0 -7"><span class='ocrx_word' id='word_1_204' title='bbox 112 3049 273 3107; x_wconf 86' lang='lat' dir='ltr'>Immatura</span> <span class='ocrx_word' id='word_1_205' title='bbox 286 3047 359 3114; x_wconf 87' lang='lat' dir='ltr'>licet,</span> <span class='ocrx_word' id='word_1_206' title='bbox 374 3056 469 3105; x_wconf 83' lang='lat' dir='ltr'>tamen</span> <span class='ocrx_word' id='word_1_207' title='bbox 482 3049 538 3106; x_wconf 92' lang='lat' dir='ltr'>huc</span> <span class='ocrx_word' id='word_1_208' title='bbox 552 3069 608 3105; x_wconf 90' lang='lat' dir='ltr'>nou</span> <span class='ocrx_word' id='word_1_209' title='bbox 622 3050 704 3107; x_wconf 86' lang='lat' dir='ltr'>noxia</span> <span class='ocrx_word' id='word_1_210' title='bbox 717 3051 790 3108; x_wconf 85' lang='lat' dir='ltr'>reni.</span> 
     </span>
     <span class='ocr_line' id='line_1_34' title="bbox 155 3125 783 3203; baseline 0.003 -21"><span class='ocrx_word' id='word_1_211' title='bbox 155 3125 213 3182; x_wconf 91' lang='lat' dir='ltr'>Det</span> <span class='ocrx_word' id='word_1_212' title='bbox 225 3133 304 3202; x_wconf 91' lang='lat' dir='ltr'>pater</span> <span class='ocrx_word' id='word_1_213' title='bbox 317 3125 383 3182; x_wconf 90' lang='lat' dir='ltr'>hinc</span> <span class='ocrx_word' id='word_1_214' title='bbox 396 3127 505 3186; x_wconf 87' lang='lat' dir='ltr'>umbrae</span> <span class='ocrx_word' id='word_1_215' title='bbox 520 3127 614 3184; x_wconf 86' lang='lat' dir='ltr'>mollia</span> <span class='ocrx_word' id='word_1_216' title='bbox 623 3127 689 3203; x_wconf 85' lang='lat' dir='ltr'>jure</span> <span class='ocrx_word' id='word_1_217' title='bbox 702 3147 783 3186; x_wconf 85' lang='lat' dir='ltr'>meae.</span> 
     </span>
    </p>

    <p class='ocr_par' dir='ltr' id='par_1_19' title="bbox 113 3203 803 3359">
     <span class='ocr_line' id='line_1_35' title="bbox 113 3203 803 3281; baseline 0.001 -19"><span class='ocrx_word' id='word_1_218' title='bbox 113 3203 185 3272; x_wconf 84' lang='lat' dir='ltr'>Aut,</span> <span class='ocrx_word' id='word_1_219' title='bbox 200 3206 222 3261; x_wconf 91' lang='lat' dir='ltr'>si</span> <span class='ocrx_word' id='word_1_220' title='bbox 236 3203 299 3280; x_wconf 88' lang='lat' dir='ltr'>quis</span> <span class='ocrx_word' id='word_1_221' title='bbox 312 3204 404 3280; x_wconf 85' lang='lat' dir='ltr'>positu</span> <span class='ocrx_word' id='word_1_222' title='bbox 413 3204 501 3281; x_wconf 83' lang='lat' dir='ltr'>judex</span> <span class='ocrx_word' id='word_1_223' title='bbox 514 3205 593 3262; x_wconf 89' lang='lat' dir='ltr'>sedet</span> <span class='ocrx_word' id='word_1_224' title='bbox 606 3207 709 3264; x_wconf 87' lang='lat' dir='ltr'>AEacus</span> <span class='ocrx_word' id='word_1_225' title='bbox 723 3226 803 3275; x_wconf 88' lang='lat' dir='ltr'>urna,</span> 
     </span>
     <span class='ocr_line' id='line_1_36' title="bbox 155 3281 671 3359; baseline 0.002 -20"><span class='ocrx_word' id='word_1_226' title='bbox 155 3282 191 3339; x_wconf 91' lang='lat' dir='ltr'>In</span> <span class='ocrx_word' id='word_1_227' title='bbox 204 3301 267 3339; x_wconf 83' lang='lat' dir='ltr'>meo</span> <span class='ocrx_word' id='word_1_228' title='bbox 280 3281 380 3339; x_wconf 81' lang='lat' dir='ltr'>sortita</span> <span class='ocrx_word' id='word_1_229' title='bbox 392 3283 513 3340; x_wconf 88' lang='lat' dir='ltr'>vindicet</span> <span class='ocrx_word' id='word_1_230' title='bbox 527 3302 591 3341; x_wconf 90' lang='lat' dir='ltr'>ossa</span> <span class='ocrx_word' id='word_1_231' title='bbox 604 3283 671 3359; x_wconf 85' lang='lat' dir='ltr'>pila.</span> 
     </span>
    </p>

    <p class='ocr_par' dir='ltr' id='par_1_20' title="bbox 113 3359 758 3502">
     <span class='ocr_line' id='line_1_37' title="bbox 113 3359 752 3437; baseline 0 -19"><span class='ocrx_word' id='word_1_232' title='bbox 113 3359 267 3418; x_wconf 85' lang='lat' dir='ltr'>Assideant</span> <span class='ocrx_word' id='word_1_233' title='bbox 281 3359 398 3418; x_wconf 87' lang='lat' dir='ltr'>fratres:</span> <span class='ocrx_word' id='word_1_234' title='bbox 417 3360 499 3437; x_wconf 83' lang='lat' dir='ltr'>juxta</span> <span class='ocrx_word' id='word_1_235' title='bbox 512 3361 641 3419; x_wconf 80' lang='lat' dir='ltr'>Minoide</span> <span class='ocrx_word' id='word_1_236' title='bbox 656 3361 752 3419; x_wconf 89' lang='lat' dir='ltr'>sellam</span> 
     </span>
     <span class='ocr_line' id='line_1_38' title="bbox 155 3437 758 3502; baseline 0.002 -6"><span class='ocrx_word' id='word_1_237' title='bbox 155 3437 345 3496; x_wconf 85' lang='lat' dir='ltr'>Eumenidum</span> <span class='ocrx_word' id='word_1_238' title='bbox 359 3438 469 3496; x_wconf 89' lang='lat' dir='ltr'>intento</span> <span class='ocrx_word' id='word_1_239' title='bbox 482 3439 565 3495; x_wconf 82' lang='lat' dir='ltr'>turba</span> <span class='ocrx_word' id='word_1_240' title='bbox 579 3458 674 3497; x_wconf 81' lang='lat' dir='ltr'>severa</span> <span class='ocrx_word' id='word_1_241' title='bbox 688 3439 758 3502; x_wconf 80' lang='lat' dir='ltr'>foro.</span> 
     </span>
    </p>

    <p class='ocr_par' dir='ltr' id='par_1_21' title="bbox 116 3516 871 3672">
     <span class='ocr_line' id='line_1_39' title="bbox 116 3516 871 3594; baseline 0.011 -20"><span class='ocrx_word' id='word_1_242' title='bbox 116 3516 247 3594; x_wconf 82' lang='lat' dir='ltr'>Sisyphe,</span> <span class='ocrx_word' id='word_1_243' title='bbox 263 3517 337 3572; x_wconf 93' lang='lat' dir='ltr'>mole</span> <span class='ocrx_word' id='word_1_244' title='bbox 349 3535 448 3587; x_wconf 78' lang='lat' dir='ltr'>vaces:</span> <span class='ocrx_word' id='word_1_245' title='bbox 470 3524 580 3574; x_wconf 84' lang='lat' dir='ltr'>taceant</span> <span class='ocrx_word' id='word_1_246' title='bbox 594 3517 701 3574; x_wconf 87' lang='lat' dir='ltr'>Ixionis</span> <span class='ocrx_word' id='word_1_247' title='bbox 715 3517 815 3578; x_wconf 77' lang='lat' dir='ltr'>orbes:</span> <span class='ocrx_word' id='word_1_248' title='bbox 864 3569 871 3582; x_wconf 90' lang='lat'>.</span> 
     </span>
     <span class='ocr_line' id='line_1_40' title="bbox 155 3593 679 3672; baseline -0.002 -19"><span class='ocrx_word' id='word_1_249' title='bbox 155 3595 253 3653; x_wconf 84' lang='lat' dir='ltr'>Fallax</span> <span class='ocrx_word' id='word_1_250' title='bbox 266 3593 401 3652; x_wconf 82' lang='lat' dir='ltr'>Tantaleo</span> <span class='ocrx_word' id='word_1_251' title='bbox 415 3594 564 3672; x_wconf 86' lang='lat' dir='ltr'>corripiare</span> <span class='ocrx_word' id='word_1_252' title='bbox 578 3595 679 3670; x_wconf 90' lang='lat' dir='ltr'>liquor.</span> 
     </span>
    </p>
   </div>
   <div class='ocr_carea' id='block_1_5' title="bbox 0 0 1253 4172">
    <p class='ocr_par' dir='ltr' id='par_1_22' title="bbox 0 0 1253 4172">
     <span class='ocr_line' id='line_1_41' title="bbox 0 0 1253 4172; baseline 0 0"><span class='ocrx_word' id='word_1_253' title='bbox 0 0 1253 4172; x_wconf 95' lang='lat' dir='ltr'> </span> 
     </span>
    </p>
   </div>
  </div>
 </body>
</html>
