2534 4172
537 141 698 181 canutam.

160 285 181 310 “
193 278 287 347 Disce,
301 284 382 336 metu
395 276 499 354 posito,
514 285 591 334 vates
605 293 721 354 operose
735 273 855 343 dierum,

200 356 286 424 Quod
298 355 383 434 petis,
398 363 427 413 et
440 374 522 413 voces
535 353 648 432 percipe
661 359 756 412 mente
769 371 856 410 meas.

159 435 211 493 Me
225 434 321 493 Chaos
333 433 561 511 antiqui—mam
575 453 619 491 res
632 451 695 490 sum
709 430 996 509 prisca—vocabant:

201 513 334 591 Adspice,
350 532 435 590 quam
448 511 525 589 longi
538 511 673 589 temporis
688 518 751 568 acta
764 528 873 568 cauam

160 591 288 650 Lucidus
300 591 349 650 hic
362 598 410 650 a'e'r
423 598 461 660 et,
477 609 541 667 quoe
555 589 609 648 trio
622 607 739 666 corpora
752 595 869 656 restant,

201 670 291 746 Ignis,
306 689 396 747 aquae,
411 669 608 727 tellus-unus
621 687 736 726 acervus
750 674 840 725 erant.

162 749 205 806 Ut
220 749 307 807 semel
320 747 382 806 hac
395 767 490 807 rerum
503 747 619 806 secessit
631 745 681 804 lite
695 765 819 812 auarum,

201 827 293 905 Inque
306 845 394 884 novas
407 826 477 884 abiit
489 843 584 884 massa
597 823 689 882 soluta
701 824 811 891 domos,
1072 824 1111 879 20

160 905 262 962 Altum
276 905 391 962 flamma
424 904 495 961 etit:
516 903 633 981 propior
645 903 724 960 locus
737 905 803 960 aiira
815 899 907 977 cepitr

201 983 341 1042 Sederunt
355 925 448 1040 meite
461 990 535 1040 terra
548 981 708 1058 fretumque
722 980 792 1038 solo.

159 1063 242 1120 Tunc
255 1080 317 1138 ego,
332 1062 381 1138 qui
394 1061 502 1119 fueram
516 1059 618 1138 globus
631 1067 660 1117 et
674 1060 734 1118 sine
746 1057 868 1136 imagine
882 1056 980 1122 moles,

200 1141 236 1197 In
249 1139 349 1198 faciem
364 1139 434 1200 redii
447 1139 587 1216 dignaque
600 1137 727 1196 membra
740 1137 803 1196 dec.

160 1218 247 1277 Nunc
260 1236 381 1294 quoque,
396 1217 520 1276 confusae
533 1215 675 1294 quondam
689 1223 757 1273 nota
770 1233 855 1291 parva
867 1215 973 1290 figurae,
1072 1217 1108 1270 25

201 1296 277 1354 Ante
290 1296 367 1373 quod
380 1303 423 1354 est
436 1296 466 1352 in
479 1314 534 1364 mc,
549 1302 677 1372 postque,
692 1293 804 1352 videtur
816 1292 902 1352 idem.

160 1375 276 1451 Accipe,
291 1374 417 1452 quaesitae
430 1394 493 1451 quae
511 1393 596 1432 causa
607 1373 646 1430 sit
658 1372 746 1430 altera
759 1372 867 1440 forma,

202 1453 287 1510 Hanc
301 1453 385 1511 simul
398 1461 431 1510 ut
444 1452 521 1510 noris
535 1451 714 1530 officiumque
728 1469 832 1509 meum.

162 1530 306 1608 Quicquid
319 1531 424 1609 ubique
435 1531 524 1597 vides,
539 1529 651 1598 coelum,
668 1549 753 1594 mare,
767 1527 873 1595 nubila,
891 1535 989 1594 terras,

201 1609 307 1667 Omnia
320 1619 387 1666 sunt
400 1618 498 1667 nostra
511 1609 613 1676 clausa,
628 1616 782 1685 patentque
796 1625 890 1664 manu.
953 1600 965 1620 ’

163 1688 214 1746 Me
227 1695 371 1764 pauescat
386 1707 472 1746 unum
486 1687 558 1744 vasti
571 1686 700 1744 custodia
711 1685 819 1753 mundi,

203 1767 241 1823 Et
256 1765 300 1823 'us
312 1765 440 1823 vertendi
452 1765 573 1823 cardinis
586 1783 669 1822 omne
682 1783 776 1822 meum
790 1771 843 1822 est.

163 1846 238 1903 Cum
251 1785 334 1901 iibuit
347 1863 446 1920 pacem
459 1842 576 1922 placidis
589 1843 716 1901 emittere
730 1842 811 1901 tectis

204 1922 306 1980 Libera
339 1929 470 2000 erpetuaa
485 1921 611 1980 ambulat
624 1920 672 1979 illa
684 1921 754 1980 vias.

164 1999 306 2077 Sanguine
318 1941 428 2059 fetifero
440 2010 518 2058 totus
531 1999 694 2058 miscebitur
707 2000 791 2068 orbis,

205 2079 244 2136 Ni
257 2087 371 2136 teneant
385 2079 484 2155 rigidae
498 2077 612 2138 condita
624 2078 696 2136 bella
709 2098 788 2136 serae.

165 2156 305 2215 Praesideo
317 2157 425 2215 foribus
435 2157 499 2216 coeli
512 2177 576 2214 cum
589 2157 705 2215 mitibus
720 2157 807 2215 Horis
819 2177 827 2214 a

205 2235 242 2302 It,
258 2235 331 2294 redit
344 2235 435 2293 officio
450 2235 563 2313 Jupiter
575 2235 635 2312 ipsc
649 2254 721 2293 meo.

164 2312 237 2371 Inde
249 2333 334 2388 vocor
345 2315 364 2372 J
365 2333 452 2372 anus:
474 2315 600 2390 quicum
614 2313 719 2372 cereale
732 2311 862 2372 sacerdos

205 2391 332 2470 Imponit
345 2391 434 2453 libum
447 2391 575 2470 farraque
588 2393 677 2450 mixta
690 2392 757 2461 sale,

167 2468 292 2528 Nomina
304 2469 426 2529 ridebisr
447 2471 532 2529 modo
545 2491 667 2548 namque
682 2469 826 2528 Patulcius
839 2469 915 2528 idem

206 2549 241 2604 Et
255 2549 340 2606 modo
354 2550 480 2612 sacrifico
493 2549 607 2608 Clusius
621 2569 669 2607 ore
681 2569 774 2608 vocor.

167 2627 279 2685 Scilicet
292 2627 398 2686 alterno
412 2628 500 2686 voluit
513 2628 592 2686 rudis
604 2628 652 2685 illa
665 2636 789 2686 vetustas

205 2704 329 2763 Nomine
342 2706 465 2764 diversas
479 2707 636 2785 significare
647 2707 733 2765 vices.

166 2783 218 2841 Vis
232 2803 295 2842 mea
307 2793 420 2842 narrata
432 2793 495 2842 est:
516 2805 630 2844 oausam
643 2805 718 2844 nunc
732 2783 807 2842 disce
820 2785 937 2860 figurae;

207 2861 226 2920 J
227 2881 273 2918 am
286 2869 382 2920 tamen
394 2863 467 2922 hanc
480 2863 573 2941 aliqua
586 2872 618 2920 tu
631 2883 741 2941 quoque
754 2871 834 2941 parte
848 2862 936 2920 vides.

168 2939 270 2998 Omnis
282 2940 369 2998 habet
382 2942 517 3018 geminas,
534 2941 600 3000 hinc
613 2951 697 3018 atque
710 2942 787 3007 hinc,
797 2941 886 3020 janua
898 2939 1014 3008 frontes,

160 3075 164 3084 ,
207 3019 233 3076 Ε
247 3019 349 3096 quibus
362 3019 425 3078 haec
439 3020 576 3097 populum
591 3028 709 3098 spectat,
724 3029 753 3077 at
767 3020 815 3077 illa
829 3020 940 3078 Larem.
1029 3047 1031 3054 ⁴
1128 3013 1134 3026 '

168 3097 265 3174 thue
278 3096 378 3156 sedens
391 3107 483 3156 vester
496 3099 580 3176 primi
593 3117 680 3176 prope
694 3099 792 3156 limina
804 3098 872 3156 tecti

206 3175 317 3234 Janitcr
332 3195 459 3254 egressus
473 3177 662 3255 introitusque
677 3177 769 3235 videt:

170 3251 216 3311 Sic
229 3273 282 3330 ego
295 3255 444 3332 prospicio,
459 3256 581 3314 coelestis
591 3255 696 3333 janitor
709 3255 792 3321 aulae,

209 3331 283 3390 ans
296 3343 392 3410 partes
406 3335 615 3412 Hesperiasque
630 3333 724 3391 simul.

170 3408 230 3468 Ora
241 3411 319 3468 vides
334 3412 458 3471 Hecates
470 3412 500 3470 in
514 3422 571 3471 tres
585 3413 727 3490 vergentia
737 3418 841 3488 partes,

210 3487 306 3548 Servet
320 3498 352 3549 ut
366 3492 396 3548 in
409 3499 503 3550 ternas
516 3491 640 3568 compita
654 3499 730 3549 secta
742 3490 820 3560 vias;
