<?xml version="1.0" encoding="UTF-8"?>
<!DOCTYPE html PUBLIC "-//W3C//DTD XHTML 1.0 Transitional//EN"
    "http://www.w3.org/TR/xhtml1/DTD/xhtml1-transitional.dtd">
<html xmlns="http://www.w3.org/1999/xhtml" xml:lang="en" lang="en">
 <head>
  <title>
</title>
<meta http-equiv="Content-Type" content="text/html;charset=utf-8" />
  <meta name='ocr-system' content='tesseract 3.04.00' />
  <meta name='ocr-capabilities' content='ocr_page ocr_carea ocr_par ocr_line ocrx_word'/>
</head>
<body>
  <div class='ocr_page' id='page_1' title='image "./excerptaecarmin00donngoog_0110.png"; bbox 0 0 2534 4172; ppageno 0'>
   <div class='ocr_carea' id='block_1_1' title="bbox 563 159 723 200">
    <p class='ocr_par' dir='ltr' id='par_1_1' title="bbox 563 159 723 200">
     <span class='ocr_line' id='line_1_1' title="bbox 563 159 723 200; baseline -0.006 -1"><span class='ocrx_word' id='word_1_1' title='bbox 563 159 723 200; x_wconf 67' lang='lat' dir='ltr'>CARMINA.</span> 
     </span>
    </p>
   </div>
   <div class='ocr_carea' id='block_1_2' title="bbox 158 293 1135 2782">
    <p class='ocr_par' dir='ltr' id='par_1_2' title="bbox 183 293 938 372">
     <span class='ocr_line' id='line_1_2' title="bbox 183 293 938 372; baseline 0 -19"><span class='ocrx_word' id='word_1_2' title='bbox 183 295 233 354; x_wconf 86' lang='lat' dir='ltr'>Sic</span> <span class='ocrx_word' id='word_1_3' title='bbox 246 302 342 353; x_wconf 85' lang='lat' dir='ltr'>tamen</span> <span class='ocrx_word' id='word_1_4' title='bbox 355 301 384 352; x_wconf 91' lang='lat' dir='ltr'>et</span> <span class='ocrx_word' id='word_1_5' title='bbox 397 303 494 371; x_wconf 90' lang='lat' dir='ltr'>spreto</span> <span class='ocrx_word' id='word_1_6' title='bbox 508 294 653 371; x_wconf 90' lang='lat' dir='ltr'>noctisque</span> <span class='ocrx_word' id='word_1_7' title='bbox 666 293 813 371; x_wconf 88' lang='lat' dir='ltr'>hostisque</span> <span class='ocrx_word' id='word_1_8' title='bbox 826 295 938 372; x_wconf 90' lang='lat' dir='ltr'>periclo,</span> 
     </span>
    </p>

    <p class='ocr_par' dir='ltr' id='par_1_3' title="bbox 184 371 1134 607">
     <span class='ocr_line' id='line_1_3' title="bbox 184 371 982 451; baseline 0.001 -20"><span class='ocrx_word' id='word_1_9' title='bbox 184 377 299 432; x_wconf 83' lang='lat' dir='ltr'>Ausum</span> <span class='ocrx_word' id='word_1_10' title='bbox 313 374 421 441; x_wconf 87' lang='lat' dir='ltr'>eadem,</span> <span class='ocrx_word' id='word_1_11' title='bbox 436 393 500 451; x_wconf 87' lang='lat' dir='ltr'>quae</span> <span class='ocrx_word' id='word_1_12' title='bbox 514 391 574 440; x_wconf 88' lang='lat' dir='ltr'>nos,</span> <span class='ocrx_word' id='word_1_13' title='bbox 590 372 713 450; x_wconf 78' lang='lat' dir='ltr'>Phrygia</span> <span class='ocrx_word' id='word_1_14' title='bbox 727 371 761 430; x_wconf 89' lang='lat' dir='ltr'>de</span> <span class='ocrx_word' id='word_1_15' title='bbox 774 381 857 450; x_wconf 89' lang='lat' dir='ltr'>gente</span> <span class='ocrx_word' id='word_1_16' title='bbox 872 374 982 432; x_wconf 87' lang='lat' dir='ltr'>Dolona</span> 
     </span>
     <span class='ocr_line' id='line_1_4' title="bbox 185 452 1134 530; baseline 0.004 -20"><span class='ocrx_word' id='word_1_17' title='bbox 185 453 344 510; x_wconf 77' lang='lat' dir='ltr'>Interimot</span> <span class='ocrx_word' id='word_1_18' title='bbox 366 472 424 509; x_wconf 89' lang='lat' dir='ltr'>non</span> <span class='ocrx_word' id='word_1_19' title='bbox 437 460 503 509; x_wconf 84' lang='lat' dir='ltr'>ante</span> <span class='ocrx_word' id='word_1_20' title='bbox 517 459 621 519; x_wconf 89' lang='lat' dir='ltr'>tamen,</span> <span class='ocrx_word' id='word_1_21' title='bbox 636 471 720 528; x_wconf 88' lang='lat' dir='ltr'>quam</span> <span class='ocrx_word' id='word_1_22' title='bbox 734 461 836 509; x_wconf 81' lang='lat' dir='ltr'>cuncta</span> <span class='ocrx_word' id='word_1_23' title='bbox 848 452 926 530; x_wconf 80' lang='lat' dir='ltr'><strong>coegi</strong></span> <span class='ocrx_word' id='word_1_24' title='bbox 1077 459 1134 514; x_wconf 73' lang='lat'>245</span> 
     </span>
     <span class='ocr_line' id='line_1_5' title="bbox 185 528 920 607; baseline -0.001 -18"><span class='ocrx_word' id='word_1_25' title='bbox 185 531 320 602; x_wconf 86' lang='lat' dir='ltr'>Prodere,</span> <span class='ocrx_word' id='word_1_26' title='bbox 333 539 362 588; x_wconf 87' lang='lat' dir='ltr'>et</span> <span class='ocrx_word' id='word_1_27' title='bbox 375 529 485 598; x_wconf 82' lang='lat' dir='ltr'><strong>edidici,</strong></span> <span class='ocrx_word' id='word_1_28' title='bbox 502 529 570 607; x_wconf 90' lang='lat' dir='ltr'>quid</span> <span class='ocrx_word' id='word_1_29' title='bbox 583 529 691 607; x_wconf 79' lang='lat' dir='ltr'>perlida</span> <span class='ocrx_word' id='word_1_30' title='bbox 703 528 788 606; x_wconf 85' lang='lat' dir='ltr'>Troja</span> <span class='ocrx_word' id='word_1_31' title='bbox 800 540 920 607; x_wconf 85' lang='lat' dir='ltr'>pararet.</span> 
     </span>
    </p>

    <p class='ocr_par' dir='ltr' id='par_1_4' title="bbox 185 607 978 685">
     <span class='ocr_line' id='line_1_6' title="bbox 185 607 978 685; baseline 0 -18"><span class='ocrx_word' id='word_1_32' title='bbox 185 609 292 668; x_wconf 87' lang='lat' dir='ltr'>Omnia</span> <span class='ocrx_word' id='word_1_33' title='bbox 305 610 466 685; x_wconf 85' lang='lat' dir='ltr'>cognbram,</span> <span class='ocrx_word' id='word_1_34' title='bbox 481 627 542 676; x_wconf 87' lang='lat' dir='ltr'>nec,</span> <span class='ocrx_word' id='word_1_35' title='bbox 551 607 627 685; x_wconf 86' lang='lat' dir='ltr'>quod</span> <span class='ocrx_word' id='word_1_36' title='bbox 638 607 804 684; x_wconf 74' lang='lat' dir='ltr'>specularer,</span> <span class='ocrx_word' id='word_1_37' title='bbox 819 608 958 668; x_wconf 80' lang='lat' dir='ltr'>habebam</span> <span class='ocrx_word' id='word_1_38' title='bbox 969 635 978 679; x_wconf 84' lang='lat'>;</span> 
     </span>
    </p>

    <p class='ocr_par' dir='ltr' id='par_1_5' title="bbox 185 685 890 764">
     <span class='ocr_line' id='line_1_7' title="bbox 185 685 890 764; baseline -0.001 -19"><span class='ocrx_word' id='word_1_39' title='bbox 185 688 226 745; x_wconf 86' lang='lat' dir='ltr'>Et</span> <span class='ocrx_word' id='word_1_40' title='bbox 235 687 296 764; x_wconf 89' lang='lat' dir='ltr'>jam</span> <span class='ocrx_word' id='word_1_41' title='bbox 308 687 453 764; x_wconf 81' lang='lat' dir='ltr'>proemiasa</span> <span class='ocrx_word' id='word_1_42' title='bbox 465 694 592 764; x_wconf 88' lang='lat' dir='ltr'>poteram</span> <span class='ocrx_word' id='word_1_43' title='bbox 605 705 669 744; x_wconf 85' lang='lat' dir='ltr'>eum</span> <span class='ocrx_word' id='word_1_44' title='bbox 683 685 766 744; x_wconf 80' lang='lat' dir='ltr'>laude</span> <span class='ocrx_word' id='word_1_45' title='bbox 778 686 890 744; x_wconf 88' lang='lat' dir='ltr'>reverti.</span> 
     </span>
    </p>

    <p class='ocr_par' dir='ltr' id='par_1_6' title="bbox 186 763 820 842">
     <span class='ocr_line' id='line_1_8' title="bbox 186 763 820 842; baseline -0.003 -20"><span class='ocrx_word' id='word_1_46' title='bbox 186 765 277 822; x_wconf 85' lang='lat' dir='ltr'><strong>Haud</strong></span> <span class='ocrx_word' id='word_1_47' title='bbox 289 772 438 823; x_wconf 84' lang='lat' dir='ltr'>contentus</span> <span class='ocrx_word' id='word_1_48' title='bbox 451 783 491 833; x_wconf 88' lang='lat' dir='ltr'>ea,</span> <span class='ocrx_word' id='word_1_49' title='bbox 506 764 576 842; x_wconf 88' lang='lat' dir='ltr'>petii</span> <span class='ocrx_word' id='word_1_50' title='bbox 589 765 710 822; x_wconf 76' lang='lat' dir='ltr'>tentoria</span> <span class='ocrx_word' id='word_1_51' title='bbox 724 763 820 833; x_wconf 82' lang='lat' dir='ltr'>Rhesi,</span> 
     </span>
    </p>

    <p class='ocr_par' dir='ltr' id='par_1_7' title="bbox 186 842 1135 999">
     <span class='ocr_line' id='line_1_9' title="bbox 187 842 1135 921; baseline 0.003 -20"><span class='ocrx_word' id='word_1_52' title='bbox 187 844 280 921; x_wconf 91' lang='lat' dir='ltr'>Inque</span> <span class='ocrx_word' id='word_1_53' title='bbox 294 842 353 900; x_wconf 89' lang='lat' dir='ltr'>suis</span> <span class='ocrx_word' id='word_1_54' title='bbox 365 843 459 921; x_wconf 85' lang='lat' dir='ltr'>ipsum</span> <span class='ocrx_word' id='word_1_55' title='bbox 473 843 574 900; x_wconf 86' lang='lat' dir='ltr'>castris</span> <span class='ocrx_word' id='word_1_56' title='bbox 587 843 759 919; x_wconf 80' lang='lat' dir='ltr'>comitesque</span> <span class='ocrx_word' id='word_1_57' title='bbox 773 843 879 918; x_wconf 89' lang='lat' dir='ltr'>peremi</span> <span class='ocrx_word' id='word_1_58' title='bbox 890 867 899 912; x_wconf 88' lang='lat'>;</span> <span class='ocrx_word' id='word_1_59' title='bbox 1076 850 1135 904; x_wconf 80' lang='lat'>250</span> 
     </span>
     <span class='ocr_line' id='line_1_10' title="bbox 186 921 836 999; baseline 0 -21"><span class='ocrx_word' id='word_1_60' title='bbox 186 923 284 999; x_wconf 86' lang='lat' dir='ltr'>Atque</span> <span class='ocrx_word' id='word_1_61' title='bbox 297 921 338 979; x_wconf 88' lang='lat' dir='ltr'>ita</span> <span class='ocrx_word' id='word_1_62' title='bbox 350 921 462 998; x_wconf 80' lang='lat' dir='ltr'>captivo</span> <span class='ocrx_word' id='word_1_63' title='bbox 475 921 565 979; x_wconf 83' lang='lat' dir='ltr'>victor</span> <span class='ocrx_word' id='word_1_64' title='bbox 577 921 705 998; x_wconf 83' lang='lat' dir='ltr'>votisque</span> <span class='ocrx_word' id='word_1_65' title='bbox 719 922 836 998; x_wconf 87' lang='lat' dir='ltr'>potitus,</span> 
     </span>
    </p>

    <p class='ocr_par' dir='ltr' id='par_1_8' title="bbox 187 999 849 1076">
     <span class='ocr_line' id='line_1_11' title="bbox 187 999 849 1076; baseline -0.002 -19"><span class='ocrx_word' id='word_1_66' title='bbox 187 999 335 1076; x_wconf 88' lang='lat' dir='ltr'>Ingredior</span> <span class='ocrx_word' id='word_1_67' title='bbox 348 1019 433 1057; x_wconf 92' lang='lat' dir='ltr'>curru</span> <span class='ocrx_word' id='word_1_68' title='bbox 445 999 526 1058; x_wconf 78' lang='lat' dir='ltr'>laetos</span> <span class='ocrx_word' id='word_1_69' title='bbox 536 999 666 1058; x_wconf 74' lang='lat' dir='ltr'>imitsutc</span> <span class='ocrx_word' id='word_1_70' title='bbox 679 999 849 1076; x_wconf 88' lang='lat' dir='ltr'>triumphos.</span> 
     </span>
    </p>

    <p class='ocr_par' dir='ltr' id='par_1_9' title="bbox 186 1077 958 1156">
     <span class='ocr_line' id='line_1_12' title="bbox 186 1077 958 1156; baseline 0.004 -21"><span class='ocrx_word' id='word_1_71' title='bbox 186 1077 277 1155; x_wconf 85' lang='lat' dir='ltr'>Cujus</span> <span class='ocrx_word' id='word_1_72' title='bbox 290 1077 383 1154; x_wconf 84' lang='lat' dir='ltr'>equos&#39;</span> <span class='ocrx_word' id='word_1_73' title='bbox 391 1077 512 1156; x_wconf 88' lang='lat' dir='ltr'>pretium</span> <span class='ocrx_word' id='word_1_74' title='bbox 526 1097 578 1155; x_wconf 89' lang='lat' dir='ltr'>pro</span> <span class='ocrx_word' id='word_1_75' title='bbox 590 1086 674 1136; x_wconf 83' lang='lat' dir='ltr'>noete</span> <span class='ocrx_word' id='word_1_76' title='bbox 689 1088 854 1155; x_wconf 75' lang='lat' dir='ltr'>poposcerat</span> <span class='ocrx_word' id='word_1_77' title='bbox 867 1078 958 1138; x_wconf 80' lang='lat' dir='ltr'>hostis</span> 
     </span>
    </p>

    <p class='ocr_par' dir='ltr' id='par_1_10' title="bbox 186 1155 915 1234">
     <span class='ocr_line' id='line_1_13' title="bbox 186 1155 915 1234; baseline 0 -20"><span class='ocrx_word' id='word_1_78' title='bbox 186 1159 276 1214; x_wconf 86' lang='lat' dir='ltr'>Arma</span> <span class='ocrx_word' id='word_1_79' title='bbox 289 1165 390 1233; x_wconf 76' lang='lat' dir='ltr'>negate</span> <span class='ocrx_word' id='word_1_80' title='bbox 404 1155 491 1225; x_wconf 90' lang='lat' dir='ltr'>mihi;</span> <span class='ocrx_word' id='word_1_81' title='bbox 513 1155 653 1234; x_wconf 85' lang='lat' dir='ltr'>fueritque</span> <span class='ocrx_word' id='word_1_82' title='bbox 667 1156 811 1232; x_wconf 87' lang='lat' dir='ltr'>benignior</span> <span class='ocrx_word' id='word_1_83' title='bbox 825 1155 915 1234; x_wconf 78' lang='lat' dir='ltr'>Ajan!</span> 
     </span>
    </p>

    <p class='ocr_par' dir='ltr' id='par_1_11' title="bbox 186 1233 1133 1388">
     <span class='ocr_line' id='line_1_14' title="bbox 186 1233 1133 1313; baseline 0.004 -22"><span class='ocrx_word' id='word_1_84' title='bbox 186 1233 265 1302; x_wconf 79' lang='lat' dir='ltr'>Quid</span> <span class='ocrx_word' id='word_1_85' title='bbox 278 1234 359 1313; x_wconf 85' lang='lat' dir='ltr'>Lycii</span> <span class='ocrx_word' id='word_1_86' title='bbox 371 1234 491 1292; x_wconf 84' lang='lat' dir='ltr'>referam</span> <span class='ocrx_word' id='word_1_87' title='bbox 506 1233 674 1312; x_wconf 71' lang='lat' dir='ltr'>Sarpedonis</span> <span class='ocrx_word' id='word_1_88' title='bbox 687 1233 799 1311; x_wconf 77' lang='lat' dir='ltr'>agmina</span> <span class='ocrx_word' id='word_1_89' title='bbox 812 1234 886 1292; x_wconf 88' lang='lat' dir='ltr'>ferro</span> <span class='ocrx_word' id='word_1_90' title='bbox 1077 1241 1133 1295; x_wconf 80' lang='lat'>255</span> 
     </span>
     <span class='ocr_line' id='line_1_15' title="bbox 188 1309 852 1388; baseline 0 -18"><span class='ocrx_word' id='word_1_91' title='bbox 188 1313 342 1370; x_wconf 73' lang='lat' dir='ltr'>Decastata</span> <span class='ocrx_word' id='word_1_92' title='bbox 354 1309 438 1371; x_wconf 80' lang='lat' dir='ltr'>meol</span> <span class='ocrx_word' id='word_1_93' title='bbox 458 1332 523 1370; x_wconf 84' lang='lat' dir='ltr'>curn</span> <span class='ocrx_word' id='word_1_94' title='bbox 536 1313 628 1370; x_wconf 87' lang='lat' dir='ltr'>multo</span> <span class='ocrx_word' id='word_1_95' title='bbox 642 1312 778 1388; x_wconf 86' lang='lat' dir='ltr'>sanguine</span> <span class='ocrx_word' id='word_1_96' title='bbox 791 1313 852 1370; x_wconf 82' lang='lat' dir='ltr'>fudi</span> 
     </span>
    </p>

    <p class='ocr_par' dir='ltr' id='par_1_12' title="bbox 158 1389 1061 1626">
     <span class='ocr_line' id='line_1_16' title="bbox 158 1389 975 1468; baseline 0.001 -20"><span class='ocrx_word' id='word_1_97' title='bbox 158 1417 162 1430; x_wconf 52' lang='lat'>⁸</span> <span class='ocrx_word' id='word_1_98' title='bbox 186 1391 329 1449; x_wconf 86' lang='lat' dir='ltr'>Coeranon</span> <span class='ocrx_word' id='word_1_99' title='bbox 343 1391 529 1468; x_wconf 85' lang='lat' dir='ltr'>Hippasiden,</span> <span class='ocrx_word' id='word_1_100' title='bbox 543 1391 730 1467; x_wconf 72' lang='lat' dir='ltr'>Alastoraque</span> <span class='ocrx_word' id='word_1_101' title='bbox 745 1389 975 1468; x_wconf 85' lang='lat' dir='ltr'>Chromiumque,</span> 
     </span>
     <span class='ocr_line' id='line_1_17' title="bbox 185 1467 1061 1549; baseline 0.003 -23"><span class='ocrx_word' id='word_1_102' title='bbox 185 1468 427 1547; x_wconf 85' lang='lat' dir='ltr'>Alcandrumque,</span> <span class='ocrx_word' id='word_1_103' title='bbox 444 1468 623 1546; x_wconf 86' lang='lat' dir='ltr'>Haliumque,</span> <span class='ocrx_word' id='word_1_104' title='bbox 639 1467 843 1546; x_wconf 83' lang='lat' dir='ltr'>Noemonaque,</span> <span class='ocrx_word' id='word_1_105' title='bbox 859 1469 1061 1549; x_wconf 85' lang='lat' dir='ltr'>Prytauinque,</span> 
     </span>
     <span class='ocr_line' id='line_1_18' title="bbox 186 1547 884 1626; baseline -0.001 -21"><span class='ocrx_word' id='word_1_106' title='bbox 186 1547 338 1626; x_wconf 83' lang='lat' dir='ltr'>Exitioque</span> <span class='ocrx_word' id='word_1_107' title='bbox 352 1547 416 1606; x_wconf 89' lang='lat' dir='ltr'>dedi</span> <span class='ocrx_word' id='word_1_108' title='bbox 430 1567 495 1606; x_wconf 90' lang='lat' dir='ltr'>cum</span> <span class='ocrx_word' id='word_1_109' title='bbox 509 1547 743 1606; x_wconf 82' lang='lat' dir='ltr'>Chersidamante</span> <span class='ocrx_word' id='word_1_110' title='bbox 756 1547 884 1616; x_wconf 86' lang='lat' dir='ltr'>Thoona,</span> 
     </span>
    </p>

    <p class='ocr_par' dir='ltr' id='par_1_13' title="bbox 186 1625 1134 1850">
     <span class='ocr_line' id='line_1_19' title="bbox 186 1625 1134 1703; baseline 0.003 -20"><span class='ocrx_word' id='word_1_111' title='bbox 186 1626 225 1683; x_wconf 90' lang='lat' dir='ltr'>Et</span> <span class='ocrx_word' id='word_1_112' title='bbox 240 1626 399 1703; x_wconf 82' lang='lat' dir='ltr'>Champen,</span> <span class='ocrx_word' id='word_1_113' title='bbox 414 1626 533 1703; x_wconf 79' lang='lat' dir='ltr'>satisque</span> <span class='ocrx_word' id='word_1_114' title='bbox 545 1625 702 1683; x_wconf 88' lang='lat' dir='ltr'>immitibus</span> <span class='ocrx_word' id='word_1_115' title='bbox 716 1625 865 1683; x_wconf 89' lang='lat' dir='ltr'>Ennomon</span> <span class='ocrx_word' id='word_1_116' title='bbox 879 1634 991 1695; x_wconf 87' lang='lat' dir='ltr'>actum;</span> <span class='ocrx_word' id='word_1_117' title='bbox 1076 1632 1134 1686; x_wconf 76' lang='lat'>260</span> 
     </span>
     <span class='ocr_line' id='line_1_20' title="bbox 187 1702 962 1782; baseline 0.001 -21"><span class='ocrx_word' id='word_1_118' title='bbox 187 1703 300 1782; x_wconf 82' lang='lat' dir='ltr'>Quique</span> <span class='ocrx_word' id='word_1_119' title='bbox 312 1705 406 1763; x_wconf 89' lang='lat' dir='ltr'>minus</span> <span class='ocrx_word' id='word_1_120' title='bbox 419 1704 542 1762; x_wconf 82' lang='lat' dir='ltr'>celebres</span> <span class='ocrx_word' id='word_1_121' title='bbox 555 1712 651 1762; x_wconf 86' lang='lat' dir='ltr'>nostra</span> <span class='ocrx_word' id='word_1_122' title='bbox 664 1703 716 1761; x_wconf 85' lang='lat' dir='ltr'>sub</span> <span class='ocrx_word' id='word_1_123' title='bbox 729 1702 872 1762; x_wconf 75' lang='lat' dir='ltr'>moenibus</span> <span class='ocrx_word' id='word_1_124' title='bbox 885 1703 962 1762; x_wconf 91' lang='lat' dir='ltr'>urbis</span> 
     </span>
     <span class='ocr_line' id='line_1_21' title="bbox 188 1781 932 1850; baseline 0 -10"><span class='ocrx_word' id='word_1_125' title='bbox 188 1782 365 1841; x_wconf 89' lang='lat' dir='ltr'>Procubuere</span> <span class='ocrx_word' id='word_1_126' title='bbox 378 1801 481 1841; x_wconf 85' lang='lat' dir='ltr'>manu:</span> <span class='ocrx_word' id='word_1_127' title='bbox 503 1790 570 1840; x_wconf 86' lang='lat' dir='ltr'>sunt</span> <span class='ocrx_word' id='word_1_128' title='bbox 583 1789 612 1840; x_wconf 89' lang='lat' dir='ltr'>et</span> <span class='ocrx_word' id='word_1_129' title='bbox 625 1781 696 1840; x_wconf 91' lang='lat' dir='ltr'>mihi</span> <span class='ocrx_word' id='word_1_130' title='bbox 709 1781 832 1849; x_wconf 88' lang='lat' dir='ltr'>vulnera,</span> <span class='ocrx_word' id='word_1_131' title='bbox 847 1782 932 1850; x_wconf 86' lang='lat' dir='ltr'>cives,</span> 
     </span>
    </p>

    <p class='ocr_par' dir='ltr' id='par_1_14' title="bbox 188 1860 866 1938">
     <span class='ocr_line' id='line_1_22' title="bbox 188 1860 866 1938; baseline -0.001 -20"><span class='ocrx_word' id='word_1_132' title='bbox 188 1861 257 1937; x_wconf 89' lang='lat' dir='ltr'>Ipso</span> <span class='ocrx_word' id='word_1_133' title='bbox 270 1861 368 1938; x_wconf 78' lang='lat' dir='ltr'>pulcra</span> <span class='ocrx_word' id='word_1_134' title='bbox 381 1860 462 1920; x_wconf 83' lang='lat' dir='ltr'>locor</span> <span class='ocrx_word' id='word_1_135' title='bbox 482 1880 534 1919; x_wconf 90' lang='lat' dir='ltr'>nec</span> <span class='ocrx_word' id='word_1_136' title='bbox 546 1860 626 1918; x_wconf 81' lang='lat' dir='ltr'>vanis</span> <span class='ocrx_word' id='word_1_137' title='bbox 638 1860 743 1918; x_wconf 84' lang='lat' dir='ltr'>credite</span> <span class='ocrx_word' id='word_1_138' title='bbox 757 1860 866 1918; x_wconf 70' lang='lat' dir='ltr'>verbine</span> 
     </span>
    </p>

    <p class='ocr_par' dir='ltr' id='par_1_15' title="bbox 187 1937 1132 2173">
     <span class='ocr_line' id='line_1_23' title="bbox 187 1937 1067 2017; baseline 0.003 -21"><span class='ocrx_word' id='word_1_139' title='bbox 187 1939 314 2017; x_wconf 83' lang='lat' dir='ltr'>Aspicite</span> <span class='ocrx_word' id='word_1_140' title='bbox 327 1959 363 1997; x_wconf 91' lang='lat' dir='ltr'>en</span> <span class='ocrx_word' id='word_1_141' title='bbox 371 1939 399 1997; x_wconf 87' lang='lat' dir='ltr'>l&#39;&#39;</span> <span class='ocrx_word' id='word_1_142' title='bbox 417 1939 591 2016; x_wconf 87' lang='lat' dir='ltr'>(vestemque</span> <span class='ocrx_word' id='word_1_143' title='bbox 603 1958 689 1996; x_wconf 87' lang='lat' dir='ltr'>manu</span> <span class='ocrx_word' id='word_1_144' title='bbox 702 1937 827 2011; x_wconf 79' lang='lat' dir='ltr'>deducit)</span> <span class='ocrx_word' id='word_1_145' title='bbox 843 1947 881 2007; x_wconf 89' lang='lat' dir='ltr'>et,</span> <span class='ocrx_word' id='word_1_146' title='bbox 898 1946 916 1972; x_wconf 93' lang='lat'><strong>“</strong></span> <span class='ocrx_word' id='word_1_147' title='bbox 925 1939 986 1999; x_wconf 85' lang='lat' dir='ltr'>haec</span> <span class='ocrx_word' id='word_1_148' title='bbox 999 1949 1067 1999; x_wconf 85' lang='lat' dir='ltr'>sunt</span> 
     </span>
     <span class='ocr_line' id='line_1_24' title="bbox 188 2016 1132 2095; baseline 0.002 -20"><span class='ocrx_word' id='word_1_149' title='bbox 188 2017 307 2076; x_wconf 84' lang='lat' dir='ltr'>Pectora</span> <span class='ocrx_word' id='word_1_150' title='bbox 319 2019 460 2095; x_wconf 89' lang='lat' dir='ltr'>semper,&#39;’</span> <span class='ocrx_word' id='word_1_151' title='bbox 476 2017 525 2086; x_wconf 94' lang='lat' dir='ltr'>ait,</span> <span class='ocrx_word' id='word_1_152' title='bbox 541 2018 671 2075; x_wconf 87' lang='lat' dir='ltr'>“vestris</span> <span class='ocrx_word' id='word_1_153' title='bbox 685 2016 806 2076; x_wconf 78' lang='lat' dir='ltr'>exercito</span> <span class='ocrx_word' id='word_1_154' title='bbox 819 2018 912 2076; x_wconf 89' lang='lat' dir='ltr'>rebus.</span> <span class='ocrx_word' id='word_1_155' title='bbox 1076 2021 1132 2077; x_wconf 79' lang='lat'>265</span> 
     </span>
     <span class='ocr_line' id='line_1_25' title="bbox 188 2095 875 2173; baseline 0.001 -20"><span class='ocrx_word' id='word_1_156' title='bbox 188 2096 228 2153; x_wconf 90' lang='lat' dir='ltr'>At</span> <span class='ocrx_word' id='word_1_157' title='bbox 241 2095 313 2154; x_wconf 89' lang='lat' dir='ltr'>nihil</span> <span class='ocrx_word' id='word_1_158' title='bbox 325 2096 465 2173; x_wconf 90' lang='lat' dir='ltr'>impendit</span> <span class='ocrx_word' id='word_1_159' title='bbox 479 2115 528 2173; x_wconf 91' lang='lat' dir='ltr'>per</span> <span class='ocrx_word' id='word_1_160' title='bbox 542 2103 585 2153; x_wconf 87' lang='lat' dir='ltr'>tot</span> <span class='ocrx_word' id='word_1_161' title='bbox 594 2095 774 2153; x_wconf 88' lang='lat' dir='ltr'>Telamonius</span> <span class='ocrx_word' id='word_1_162' title='bbox 787 2116 875 2154; x_wconf 90' lang='lat' dir='ltr'>annos</span> 
     </span>
    </p>

    <p class='ocr_par' dir='ltr' id='par_1_16' title="bbox 188 2173 978 2252">
     <span class='ocr_line' id='line_1_26' title="bbox 188 2173 978 2252; baseline 0.001 -20"><span class='ocrx_word' id='word_1_163' title='bbox 188 2174 338 2252; x_wconf 81' lang='lat' dir='ltr'>Sanguinis</span> <span class='ocrx_word' id='word_1_164' title='bbox 349 2174 381 2232; x_wconf 92' lang='lat' dir='ltr'>in</span> <span class='ocrx_word' id='word_1_165' title='bbox 394 2175 502 2232; x_wconf 83' lang='lat' dir='ltr'>socios:</span> <span class='ocrx_word' id='word_1_166' title='bbox 524 2182 553 2232; x_wconf 90' lang='lat' dir='ltr'>et</span> <span class='ocrx_word' id='word_1_167' title='bbox 565 2173 653 2232; x_wconf 73' lang='lat' dir='ltr'>hebet</span> <span class='ocrx_word' id='word_1_168' title='bbox 666 2173 725 2232; x_wconf 87' lang='lat' dir='ltr'>sine</span> <span class='ocrx_word' id='word_1_169' title='bbox 738 2173 852 2232; x_wconf 88' lang='lat' dir='ltr'>vulnere</span> <span class='ocrx_word' id='word_1_170' title='bbox 866 2194 978 2252; x_wconf 89' lang='lat' dir='ltr'>corpus.</span> 
     </span>
    </p>

    <p class='ocr_par' dir='ltr' id='par_1_17' title="bbox 188 2251 928 2330">
     <span class='ocr_line' id='line_1_27' title="bbox 188 2251 928 2330; baseline 0 -20"><span class='ocrx_word' id='word_1_171' title='bbox 188 2251 264 2320; x_wconf 80' lang='lat' dir='ltr'>Quid</span> <span class='ocrx_word' id='word_1_172' title='bbox 277 2262 373 2310; x_wconf 89' lang='lat' dir='ltr'>tamen</span> <span class='ocrx_word' id='word_1_173' title='bbox 385 2252 440 2311; x_wconf 92' lang='lat' dir='ltr'>hoc</span> <span class='ocrx_word' id='word_1_174' title='bbox 453 2252 548 2321; x_wconf 81' lang='lat' dir='ltr'>refert,</span> <span class='ocrx_word' id='word_1_175' title='bbox 562 2252 588 2310; x_wconf 89' lang='lat' dir='ltr'>si</span> <span class='ocrx_word' id='word_1_176' title='bbox 600 2271 631 2310; x_wconf 87' lang='lat' dir='ltr'>se</span> <span class='ocrx_word' id='word_1_177' title='bbox 643 2271 695 2329; x_wconf 92' lang='lat' dir='ltr'>pro</span> <span class='ocrx_word' id='word_1_178' title='bbox 708 2251 796 2311; x_wconf 87' lang='lat' dir='ltr'>classe</span> <span class='ocrx_word' id='word_1_179' title='bbox 811 2253 928 2330; x_wconf 88' lang='lat' dir='ltr'>Pelasga</span> 
     </span>
    </p>

    <p class='ocr_par' dir='ltr' id='par_1_18' title="bbox 186 2329 1134 2547">
     <span class='ocr_line' id='line_1_28' title="bbox 186 2329 950 2408; baseline -0.001 -19"><span class='ocrx_word' id='word_1_180' title='bbox 186 2332 277 2389; x_wconf 88' lang='lat' dir='ltr'>Arma</span> <span class='ocrx_word' id='word_1_181' title='bbox 289 2331 388 2391; x_wconf 81' lang='lat' dir='ltr'>tulisse</span> <span class='ocrx_word' id='word_1_182' title='bbox 401 2331 486 2389; x_wconf 83' lang='lat' dir='ltr'>refert</span> <span class='ocrx_word' id='word_1_183' title='bbox 499 2338 596 2389; x_wconf 89' lang='lat' dir='ltr'>contra</span> <span class='ocrx_word' id='word_1_184' title='bbox 608 2331 696 2389; x_wconf 79' lang='lat' dir='ltr'>&#39;l&#39;roas</span> <span class='ocrx_word' id='word_1_185' title='bbox 716 2350 751 2390; x_wconf 93' lang='lat' dir='ltr'>ue</span> <span class='ocrx_word' id='word_1_186' title='bbox 765 2330 920 2408; x_wconf 77' lang='lat' dir='ltr'>lovemque</span> <span class='ocrx_word' id='word_1_187' title='bbox 928 2329 950 2388; x_wconf 79' lang='lat' dir='ltr'>l.</span> 
     </span>
     <span class='ocr_line' id='line_1_29' title="bbox 187 2409 1134 2486; baseline 0.001 -19"><span class='ocrx_word' id='word_1_188' title='bbox 187 2409 397 2486; x_wconf 84' lang='lat' dir='ltr'>Confiteorque,</span> <span class='ocrx_word' id='word_1_189' title='bbox 412 2409 479 2467; x_wconf 89' lang='lat' dir='ltr'>tulit</span> <span class='ocrx_word' id='word_1_190' title='bbox 490 2433 498 2478; x_wconf 89' lang='lat'><strong>;</strong></span> <span class='ocrx_word' id='word_1_191' title='bbox 519 2409 698 2486; x_wconf 87' lang='lat' dir='ltr'>nequeenim</span> <span class='ocrx_word' id='word_1_192' title='bbox 731 2409 856 2468; x_wconf 80' lang='lat' dir='ltr'>enefacta</span> <span class='ocrx_word' id='word_1_193' title='bbox 869 2409 991 2486; x_wconf 86' lang='lat' dir='ltr'>maligne</span> <span class='ocrx_word' id='word_1_194' title='bbox 1076 2415 1134 2469; x_wconf 84' lang='lat'>270</span> 
     </span>
     <span class='ocr_line' id='line_1_30' title="bbox 187 2486 937 2547; baseline -0.001 -2"><span class='ocrx_word' id='word_1_195' title='bbox 187 2489 350 2546; x_wconf 86' lang='lat' dir='ltr'>Detrectare</span> <span class='ocrx_word' id='word_1_196' title='bbox 364 2507 458 2546; x_wconf 90' lang='lat' dir='ltr'>meum</span> <span class='ocrx_word' id='word_1_197' title='bbox 472 2495 536 2545; x_wconf 83' lang='lat' dir='ltr'>est:</span> <span class='ocrx_word' id='word_1_198' title='bbox 558 2488 609 2547; x_wconf 91' lang='lat' dir='ltr'>sed</span> <span class='ocrx_word' id='word_1_199' title='bbox 621 2507 673 2546; x_wconf 89' lang='lat' dir='ltr'>nec</span> <span class='ocrx_word' id='word_1_200' title='bbox 686 2486 846 2546; x_wconf 89' lang='lat' dir='ltr'>communia</span> <span class='ocrx_word' id='word_1_201' title='bbox 860 2487 937 2545; x_wconf 88' lang='lat' dir='ltr'>solus</span> 
     </span>
    </p>

    <p class='ocr_par' dir='ltr' id='par_1_19' title="bbox 187 2563 1053 2722">
     <span class='ocr_line' id='line_1_31' title="bbox 187 2563 1053 2645; baseline -0.001 -20"><span class='ocrx_word' id='word_1_202' title='bbox 187 2566 325 2644; x_wconf 88' lang='lat' dir='ltr'>Occupet,</span> <span class='ocrx_word' id='word_1_203' title='bbox 340 2576 424 2645; x_wconf 84' lang='lat' dir='ltr'>atque</span> <span class='ocrx_word' id='word_1_204' title='bbox 437 2566 559 2644; x_wconf 89' lang='lat' dir='ltr'>aliquem</span> <span class='ocrx_word' id='word_1_205' title='bbox 570 2566 648 2624; x_wconf 89' lang='lat' dir='ltr'>vobis</span> <span class='ocrx_word' id='word_1_206' title='bbox 663 2584 773 2644; x_wconf 89' lang='lat' dir='ltr'>qnoque</span> <span class='ocrx_word' id='word_1_207' title='bbox 786 2565 885 2624; x_wconf 88' lang='lat' dir='ltr'>reddat</span> <span class='ocrx_word' id='word_1_208' title='bbox 898 2563 1053 2636; x_wconf 85' lang='lat' dir='ltr'>honorem;</span> 
     </span>
     <span class='ocr_line' id='line_1_32' title="bbox 187 2643 915 2722; baseline -0.001 -18"><span class='ocrx_word' id='word_1_209' title='bbox 187 2643 305 2722; x_wconf 84' lang='lat' dir='ltr'>Repulit</span> <span class='ocrx_word' id='word_1_210' title='bbox 317 2644 476 2712; x_wconf 86' lang='lat' dir='ltr'>Actorides,</span> <span class='ocrx_word' id='word_1_211' title='bbox 491 2645 545 2702; x_wconf 89' lang='lat' dir='ltr'>sub</span> <span class='ocrx_word' id='word_1_212' title='bbox 557 2644 679 2721; x_wconf 86' lang='lat' dir='ltr'>imagine</span> <span class='ocrx_word' id='word_1_213' title='bbox 694 2653 773 2702; x_wconf 86' lang='lat' dir='ltr'>tutus</span> <span class='ocrx_word' id='word_1_214' title='bbox 786 2644 915 2714; x_wconf 87' lang='lat' dir='ltr'>Achillis,</span> 
     </span>
    </p>

    <p class='ocr_par' dir='ltr' id='par_1_20' title="bbox 186 2722 802 2782">
     <span class='ocr_line' id='line_1_33' title="bbox 186 2722 802 2782; baseline 0.003 -2"><span class='ocrx_word' id='word_1_215' title='bbox 186 2724 277 2780; x_wconf 85' lang='lat' dir='ltr'>Troas</span> <span class='ocrx_word' id='word_1_216' title='bbox 290 2723 326 2781; x_wconf 83' lang='lat' dir='ltr'>ab</span> <span class='ocrx_word' id='word_1_217' title='bbox 337 2724 441 2781; x_wconf 81' lang='lat' dir='ltr'>arsuris</span> <span class='ocrx_word' id='word_1_218' title='bbox 454 2742 519 2781; x_wconf 90' lang='lat' dir='ltr'>cum</span> <span class='ocrx_word' id='word_1_219' title='bbox 533 2722 678 2781; x_wconf 86' lang='lat' dir='ltr'>defensore</span> <span class='ocrx_word' id='word_1_220' title='bbox 691 2723 802 2782; x_wconf 87' lang='lat' dir='ltr'>carinis.</span> 
     </span>
    </p>
   </div>
   <div class='ocr_carea' id='block_1_3' title="bbox 186 2801 1249 2861">
    <p class='ocr_par' dir='ltr' id='par_1_21' title="bbox 186 2801 1249 2861">
     <span class='ocr_line' id='line_1_34' title="bbox 186 2801 1249 2861; baseline 0.002 -3"><span class='ocrx_word' id='word_1_221' title='bbox 186 2801 299 2859; x_wconf 89' lang='lat' dir='ltr'>Ausum</span> <span class='ocrx_word' id='word_1_222' title='bbox 313 2801 397 2859; x_wconf 88' lang='lat' dir='ltr'>etiarn</span> <span class='ocrx_word' id='word_1_223' title='bbox 412 2802 554 2860; x_wconf 87' lang='lat' dir='ltr'>Hectoreo</span> <span class='ocrx_word' id='word_1_224' title='bbox 568 2801 659 2858; x_wconf 90' lang='lat' dir='ltr'>solum</span> <span class='ocrx_word' id='word_1_225' title='bbox 672 2819 836 2861; x_wconf 87' lang='lat' dir='ltr'>concurrere</span> <span class='ocrx_word' id='word_1_226' title='bbox 850 2801 939 2860; x_wconf 88' lang='lat' dir='ltr'>Marti</span> <span class='ocrx_word' id='word_1_227' title='bbox 1076 2805 1131 2860; x_wconf 79' lang='lat'>275</span> <span class='ocrx_word' id='word_1_228' title='bbox 1248 2853 1249 2860; x_wconf 72' lang='grc'>,</span> 
     </span>
    </p>
   </div>
   <div class='ocr_carea' id='block_1_4' title="bbox 187 2879 931 3182">
    <p class='ocr_par' dir='ltr' id='par_1_22' title="bbox 187 2879 931 3182">
     <span class='ocr_line' id='line_1_35' title="bbox 188 2879 928 2958; baseline 0 -21"><span class='ocrx_word' id='word_1_229' title='bbox 188 2880 224 2937; x_wconf 88' lang='lat' dir='ltr'>Se</span> <span class='ocrx_word' id='word_1_230' title='bbox 237 2888 328 2957; x_wconf 87' lang='lat' dir='ltr'>putat,</span> <span class='ocrx_word' id='word_1_231' title='bbox 343 2879 447 2938; x_wconf 89' lang='lat' dir='ltr'>oblitus</span> <span class='ocrx_word' id='word_1_232' title='bbox 461 2879 600 2956; x_wconf 87' lang='lat' dir='ltr'>regisque,</span> <span class='ocrx_word' id='word_1_233' title='bbox 615 2879 783 2956; x_wconf 90' lang='lat' dir='ltr'>ducumque,</span> <span class='ocrx_word' id='word_1_234' title='bbox 797 2880 928 2958; x_wconf 84' lang='lat' dir='ltr'>meique;</span> 
     </span>
     <span class='ocr_line' id='line_1_36' title="bbox 187 2957 873 3035; baseline 0.001 -21"><span class='ocrx_word' id='word_1_235' title='bbox 187 2959 290 3016; x_wconf 88' lang='lat' dir='ltr'>Nonus</span> <span class='ocrx_word' id='word_1_236' title='bbox 303 2957 332 3015; x_wconf 92' lang='lat' dir='ltr'>in</span> <span class='ocrx_word' id='word_1_237' title='bbox 347 2958 447 3027; x_wconf 89' lang='lat' dir='ltr'>officio,</span> <span class='ocrx_word' id='word_1_238' title='bbox 462 2968 491 3016; x_wconf 86' lang='lat' dir='ltr'>et</span> <span class='ocrx_word' id='word_1_239' title='bbox 504 2957 637 3035; x_wconf 75' lang='lat' dir='ltr'>praelatus</span> <span class='ocrx_word' id='word_1_240' title='bbox 652 2977 767 3016; x_wconf 87' lang='lat' dir='ltr'>munere</span> <span class='ocrx_word' id='word_1_241' title='bbox 780 2959 873 3017; x_wconf 90' lang='lat' dir='ltr'>sortis.</span> 
     </span>
     <span class='ocr_line' id='line_1_37' title="bbox 188 3035 897 3114; baseline -0.001 -20"><span class='ocrx_word' id='word_1_242' title='bbox 188 3035 245 3095; x_wconf 88' lang='lat' dir='ltr'>Sed</span> <span class='ocrx_word' id='word_1_243' title='bbox 257 3045 353 3094; x_wconf 89' lang='lat' dir='ltr'>tamen</span> <span class='ocrx_word' id='word_1_244' title='bbox 366 3047 484 3095; x_wconf 90' lang='lat' dir='ltr'>eventus</span> <span class='ocrx_word' id='word_1_245' title='bbox 496 3045 607 3108; x_wconf 82' lang='lat' dir='ltr'>vestrae,</span> <span class='ocrx_word' id='word_1_246' title='bbox 617 3035 778 3102; x_wconf 85' lang='lat' dir='ltr'>fortissime,</span> <span class='ocrx_word' id='word_1_247' title='bbox 792 3056 897 3114; x_wconf 78' lang='lat' dir='ltr'>pugnae</span> 
     </span>
     <span class='ocr_line' id='line_1_38' title="bbox 188 3111 931 3182; baseline -0.001 -10"><span class='ocrx_word' id='word_1_248' title='bbox 188 3113 260 3182; x_wconf 81' lang='lat' dir='ltr'>Quis</span> <span class='ocrx_word' id='word_1_249' title='bbox 272 3111 347 3172; x_wconf 73' lang='lat' dir='ltr'>fuiti</span> <span class='ocrx_word' id='word_1_250' title='bbox 388 3115 498 3173; x_wconf 90' lang='lat' dir='ltr'>Hector</span> <span class='ocrx_word' id='word_1_251' title='bbox 511 3114 570 3172; x_wconf 86' lang='lat' dir='ltr'>abit</span> <span class='ocrx_word' id='word_1_252' title='bbox 583 3114 703 3172; x_wconf 81' lang='lat' dir='ltr'>violatus</span> <span class='ocrx_word' id='word_1_253' title='bbox 717 3114 831 3172; x_wconf 86' lang='lat' dir='ltr'>vulnere</span> <span class='ocrx_word' id='word_1_254' title='bbox 844 3113 931 3172; x_wconf 87' lang='lat' dir='ltr'>nullo.</span> 
     </span>
    </p>
   </div>
   <div class='ocr_carea' id='block_1_5' title="bbox 188 3192 1243 3270">
    <p class='ocr_par' dir='ltr' id='par_1_23' title="bbox 188 3192 1243 3270">
     <span class='ocr_line' id='line_1_39' title="bbox 188 3192 1243 3270; baseline 0.002 -19"><span class='ocrx_word' id='word_1_255' title='bbox 188 3193 238 3251; x_wconf 88' lang='lat' dir='ltr'>Me</span> <span class='ocrx_word' id='word_1_256' title='bbox 251 3192 402 3251; x_wconf 83' lang='lat' dir='ltr'>miserum!</span> <span class='ocrx_word' id='word_1_257' title='bbox 423 3202 528 3270; x_wconf 86' lang='lat' dir='ltr'>quanto</span> <span class='ocrx_word' id='word_1_258' title='bbox 540 3212 623 3270; x_wconf 86' lang='lat' dir='ltr'>cogor</span> <span class='ocrx_word' id='word_1_259' title='bbox 636 3192 797 3252; x_wconf 88' lang='lat' dir='ltr'>meminisse</span> <span class='ocrx_word' id='word_1_260' title='bbox 811 3193 906 3250; x_wconf 91' lang='lat' dir='ltr'>dolore</span> <span class='ocrx_word' id='word_1_261' title='bbox 1075 3193 1134 3250; x_wconf 75' lang='lat'>280</span> <span class='ocrx_word' id='word_1_262' title='bbox 1240 3195 1243 3253; x_wconf 70' lang='lat' dir='ltr'>i</span> 
     </span>
    </p>
   </div>
   <div class='ocr_carea' id='block_1_6' title="bbox 187 3270 940 3426">
    <p class='ocr_par' dir='ltr' id='par_1_24' title="bbox 187 3270 940 3426">
     <span class='ocr_line' id='line_1_40' title="bbox 187 3270 905 3348; baseline -0.003 -19"><span class='ocrx_word' id='word_1_263' title='bbox 187 3271 335 3348; x_wconf 83' lang='lat' dir='ltr'>Temporis</span> <span class='ocrx_word' id='word_1_264' title='bbox 347 3271 433 3340; x_wconf 89' lang='lat' dir='ltr'>illius,</span> <span class='ocrx_word' id='word_1_265' title='bbox 448 3290 512 3348; x_wconf 90' lang='lat' dir='ltr'>quo,</span> <span class='ocrx_word' id='word_1_266' title='bbox 525 3271 642 3330; x_wconf 85' lang='lat' dir='ltr'>Graium</span> <span class='ocrx_word' id='word_1_267' title='bbox 656 3291 764 3340; x_wconf 89' lang='lat' dir='ltr'>murus,</span> <span class='ocrx_word' id='word_1_268' title='bbox 778 3270 905 3329; x_wconf 88' lang='lat' dir='ltr'>Achilles</span> 
     </span>
     <span class='ocr_line' id='line_1_41' title="bbox 188 3348 940 3426; baseline -0.001 -19"><span class='ocrx_word' id='word_1_269' title='bbox 188 3348 358 3407; x_wconf 85' lang='lat' dir='ltr'>Procubuit!</span> <span class='ocrx_word' id='word_1_270' title='bbox 379 3368 430 3408; x_wconf 87' lang='lat' dir='ltr'>nec</span> <span class='ocrx_word' id='word_1_271' title='bbox 443 3369 489 3407; x_wconf 89' lang='lat' dir='ltr'>me</span> <span class='ocrx_word' id='word_1_272' title='bbox 501 3348 634 3418; x_wconf 83' lang='lat' dir='ltr'>lacrimae,</span> <span class='ocrx_word' id='word_1_273' title='bbox 648 3350 807 3426; x_wconf 86' lang='lat' dir='ltr'>luctusque,</span> <span class='ocrx_word' id='word_1_274' title='bbox 822 3349 940 3407; x_wconf 87' lang='lat' dir='ltr'>timorve</span> 
     </span>
    </p>
   </div>
   <div class='ocr_carea' id='block_1_7' title="bbox 186 3427 1132 3662">
    <p class='ocr_par' dir='ltr' id='par_1_25' title="bbox 186 3427 1132 3662">
     <span class='ocr_line' id='line_1_42' title="bbox 186 3427 945 3505; baseline -0.003 -19"><span class='ocrx_word' id='word_1_275' title='bbox 186 3427 356 3497; x_wconf 72' lang='lat' dir='ltr'>Tardarunt,</span> <span class='ocrx_word' id='word_1_276' title='bbox 371 3427 439 3505; x_wconf 88' lang='lat' dir='ltr'>quin</span> <span class='ocrx_word' id='word_1_277' title='bbox 452 3447 554 3505; x_wconf 83' lang='lat' dir='ltr'>corpus</span> <span class='ocrx_word' id='word_1_278' title='bbox 568 3427 656 3486; x_wconf 90' lang='lat' dir='ltr'>humo</span> <span class='ocrx_word' id='word_1_279' title='bbox 669 3427 789 3485; x_wconf 91' lang='lat' dir='ltr'>sublime</span> <span class='ocrx_word' id='word_1_280' title='bbox 803 3427 945 3486; x_wconf 84' lang='lat' dir='ltr'>referrem.</span> 
     </span>
     <span class='ocr_line' id='line_1_43' title="bbox 186 3503 1055 3584; baseline -0.002 -20"><span class='ocrx_word' id='word_1_281' title='bbox 186 3505 243 3564; x_wconf 86' lang='lat' dir='ltr'>His</span> <span class='ocrx_word' id='word_1_282' title='bbox 256 3506 392 3575; x_wconf 89' lang='lat' dir='ltr'>humeris,</span> <span class='ocrx_word' id='word_1_283' title='bbox 407 3505 461 3574; x_wconf 89' lang='lat' dir='ltr'>his,</span> <span class='ocrx_word' id='word_1_284' title='bbox 475 3506 600 3583; x_wconf 87' lang='lat' dir='ltr'>inquam,</span> <span class='ocrx_word' id='word_1_285' title='bbox 615 3505 741 3564; x_wconf 86' lang='lat' dir='ltr'>humeris</span> <span class='ocrx_word' id='word_1_286' title='bbox 754 3525 807 3583; x_wconf 87' lang='lat' dir='ltr'>ego</span> <span class='ocrx_word' id='word_1_287' title='bbox 821 3524 922 3584; x_wconf 85' lang='lat' dir='ltr'>corpus</span> <span class='ocrx_word' id='word_1_288' title='bbox 935 3503 1055 3562; x_wconf 88' lang='lat' dir='ltr'>Achillis</span> 
     </span>
     <span class='ocr_line' id='line_1_44' title="bbox 186 3582 1132 3662; baseline -0.003 -20"><span class='ocrx_word' id='word_1_289' title='bbox 186 3582 225 3642; x_wconf 81' lang='lat' dir='ltr'>Et</span> <span class='ocrx_word' id='word_1_290' title='bbox 238 3584 322 3644; x_wconf 82' lang='lat' dir='ltr'>simul</span> <span class='ocrx_word' id='word_1_291' title='bbox 336 3603 413 3643; x_wconf 83' lang='lat' dir='ltr'>arma</span> <span class='ocrx_word' id='word_1_292' title='bbox 426 3583 488 3650; x_wconf 88' lang='lat' dir='ltr'>tuli,</span> <span class='ocrx_word' id='word_1_293' title='bbox 503 3603 568 3661; x_wconf 79' lang='lat' dir='ltr'>quse</span> <span class='ocrx_word' id='word_1_294' title='bbox 578 3603 653 3642; x_wconf 89' lang='lat' dir='ltr'>nunc</span> <span class='ocrx_word' id='word_1_295' title='bbox 667 3603 778 3662; x_wconf 90' lang='lat' dir='ltr'>quoque</span> <span class='ocrx_word' id='word_1_296' title='bbox 791 3584 863 3644; x_wconf 82' lang='lat' dir='ltr'>serre</span> <span class='ocrx_word' id='word_1_297' title='bbox 876 3585 982 3643; x_wconf 90' lang='lat' dir='ltr'>laboro.</span> <span class='ocrx_word' id='word_1_298' title='bbox 1076 3584 1132 3640; x_wconf 79' lang='lat'>285</span> 
     </span>
    </p>
   </div>
   <div class='ocr_carea' id='block_1_8' title="bbox 0 0 1275 4172">
    <p class='ocr_par' dir='ltr' id='par_1_26' title="bbox 0 0 1275 4172">
     <span class='ocr_line' id='line_1_45' title="bbox 0 0 1275 4172; baseline 0 0"><span class='ocrx_word' id='word_1_299' title='bbox 0 0 1275 4172; x_wconf 95' lang='lat' dir='ltr'> </span> 
     </span>
    </p>
   </div>
  </div>
 </body>
</html>
