2534 4172
180 191 220 249 90
515 207 543 246 r.
566 205 671 246 ovrnrr
693 203 828 244 nasonis

217 339 304 397 Parte
316 339 436 398 rubent:
458 348 516 407 aut,
531 347 564 396 ut
577 339 660 396 variis
674 339 745 396 solet
758 357 812 396 uva
825 336 942 396 racemis

219 417 329 475 Ducere
342 437 525 496 purpureum,
539 419 665 475 nondum
679 425 789 475 matura
802 416 933 475 colorem.

218 496 292 563 Quae
306 496 390 554 simul
403 498 513 574 aspexit
526 497 676 574 liquefacta
688 515 785 554 rursus
797 497 828 554 in
841 497 925 563 unda,

218 573 286 632 Non
299 574 365 632 tulit
378 575 514 643 ulterius;
537 577 595 641 sed,
610 583 642 632 ut
656 575 827 634 intabescere
841 575 920 632 flavae

218 652 289 729 Igne
303 650 358 712 levi
370 672 450 722 cerae,
465 654 666 730 matutinaeque
679 653 787 729 pruinae

218 730 282 788 Sole
296 739 409 808 tepente
420 733 528 800 solent;
551 733 590 789 sic
604 739 766 789 attenuatus
779 751 873 789 amore

217 809 368 886 Liquitur;
391 818 419 868 et
432 829 507 868 caeco
521 810 657 886 paulatim
671 809 795 886 carpitur
808 811 878 886 igni.

216 886 255 945 Et
265 906 355 966 neque
362 888 422 966 jam
435 889 511 946 color
524 897 567 946 est
580 889 672 945 mixto
686 887 805 946 candore
819 885 932 945 rubori:
1126 888 1165 944 85

216 966 278 1023 Nec
291 967 378 1042 vigor,
394 974 423 1024 et
431 967 515 1032 vires,
528 974 557 1024 et
569 985 633 1043 quae
645 965 730 1023 modo
743 967 801 1022 visa
814 965 970 1043 placebant,

216 1042 278 1101 Nec
288 1064 390 1120 corpus
403 1053 537 1110 remanet,
553 1044 694 1121 quondam
708 1043 783 1120 quod
797 1051 939 1101 amaverat
952 1041 1042 1100 Echo.

216 1121 269 1178 Ille
282 1130 367 1200 caput
380 1123 462 1182 viridi
474 1123 580 1180 fessum
594 1122 725 1180 submisit
738 1123 767 1178 in
780 1122 885 1190 herba;

215 1199 338 1260 Lumina
349 1219 406 1259 nox
419 1200 524 1258 claudit
535 1201 644 1258 domini
655 1200 787 1258 mirantia
800 1201 930 1257 formam.

214 1278 288 1338 Tum
303 1297 414 1356 quoque
428 1299 465 1347 se,
479 1287 631 1356 postquam
646 1287 688 1336 est
702 1279 811 1336 inferna
824 1278 889 1336 sede
903 1283 1043 1356 receptus,
1126 1279 1164 1334 90

215 1359 252 1417 ln
266 1357 365 1434 Stygia
379 1358 524 1434 spectabat
537 1376 626 1434 aqua:
648 1356 781 1434 planxere
795 1375 903 1414 sorores

215 1435 356 1494 Naiadas:
379 1445 407 1493 et
421 1443 512 1494 sectos
525 1436 606 1492 fratri
619 1454 738 1512 posuere
749 1434 865 1512 capillos
878 1455 885 1492 ε

215 1515 352 1574 Planxere
365 1521 393 1572 et
407 1513 551 1592 Dryades;
573 1514 772 1592 plangentibus
787 1520 900 1570 assonat
914 1510 1003 1568 Echo.

215 1593 234 1653 J
236 1613 336 1670 amque
349 1611 448 1669 rogum
462 1611 634 1669 quassasque
647 1593 722 1649 faces
735 1592 926 1665 feretrumque
939 1588 1100 1665 parabant:

214 1670 364 1749 Nusquam
378 1689 480 1747 corpus
494 1678 573 1728 erat:
595 1689 724 1728 croceum
737 1689 790 1746 pro
804 1687 919 1746 corpore
933 1669 1031 1726 florem
1128 1669 1164 1726 95

214 1750 376 1818 Inveniunt,
390 1749 465 1808 foliis
477 1748 603 1807 medium
616 1748 793 1826 cingentibus
807 1747 889 1808 albis.

396 1922 419 1969 ir

335 1893 350 1918 ¹)-

334 1922 349 1963 ‘a

362 1876 377 1917 ἵ

518 1975 647 2035 SOMNI
668 1973 821 2033 DOMUS.

126 1963 177 2040 pt„
226 1931 301 2040 111
328 1971 346 2000 ,s

141 1999 207 2094 ild
228 2015 265 2054 '⁴

214 2131 269 2190 Est
282 2147 370 2207 prope
384 2127 551 2186 Cimmerios
563 2128 649 2204 longo
664 2126 799 2204 spelunca
811 2141 932 2192 recessu,

104 2217 112 2232 '
215 2210 408 2276 Monaesum,
422 2205 517 2284 ignavi
530 2206 632 2264 domus
647 2214 675 2262 et
688 2203 841 2282 penetralia
855 2200 969 2260 Somni:

216 2287 281 2354 Quo
294 2305 440 2364 nunquam
453 2285 539 2343 radiis
552 2285 654 2352 oriens,
670 2282 822 2349 mediusve,
838 2280 975 2338 cadensve

216 2366 344 2425 Phoebus
357 2364 433 2422 adire
446 2371 559 2442 potest3
581 2361 692 2422 nebulae
706 2360 824 2437 caligine
838 2359 933 2416 mixtae

216 2444 394 2502 Exhalantur
405 2443 503 2510 humo,
519 2442 669 2518 dubiaeque
682 2437 848 2516 crepuscula
860 2436 940 2496 lucis.
1091 2481 1093 2485 .
1148 2440 1165 2491 5
1248 2513 1249 2516 1

216 2522 284 2581 Non
298 2522 364 2600 vigil
377 2523 434 2580 ales
446 2520 487 2578 ibi
498 2520 606 2578 cristati
618 2519 747 2578 cantibus
761 2517 817 2576 oris
1248 2517 1249 2522 ’

217 2601 325 2660 Evocat
336 2601 475 2658 Auroram
490 2623 498 2668 ;
520 2619 572 2657 nec
584 2617 652 2656 voca
666 2597 777 2655 silentia
789 2600 927 2671 rumpunt

218 2680 370 2738 sollicitive
384 2697 475 2746 canes,
490 2678 639 2736 canibusve
652 2675 779 2751 sagacior
792 2689 892 2731 anser:

217 2759 286 2817 Non
299 2759 366 2826 fera,
381 2776 439 2815 non
452 2756 583 2834 pecudes,
598 2773 656 2813 non
669 2754 739 2811 moti
751 2754 864 2810 flamine
877 2747 958 2819 rausi,

216 2837 395 2895 Humanaeve
409 2855 509 2893 sonum
522 2833 645 2892 reddunt
658 2831 782 2890 convicia
794 2831 910 2906 linguae.
1132 2829 1166 2884 10
1248 2829 1249 2906 1

218 2915 304 2973 Muta
317 2915 396 2994 quies
409 2914 538 2972 habitat:
561 2931 627 2971 saxo
640 2919 736 2969 tamen
749 2909 807 2967 exit
821 2910 856 2966 ab
871 2908 928 2964 imo
1248 2911 1249 2944 ³

218 2994 309 3052 Rivus
323 3014 404 3071 aquae
418 2993 541 3050 Lethes:
563 3009 613 3068 per
627 3009 709 3066 quem
724 3007 789 3046 cum
802 3003 947 3044 murmure
960 2982 1059 3041 labens

218 3073 324 3130 Invitat
337 3089 450 3130 somnos
463 3069 666 3148 crepitantibus
679 3067 755 3125 unda
767 3065 881 3142 lapillis.

217 3152 294 3210 Ante
308 3151 381 3209 fores
393 3151 468 3208 antri
481 3149 612 3208 foecunda
625 3161 764 3223 papavera
776 3145 887 3211 florent,
1248 3187 1249 3216 1

219 3232 436 3307 Innumeraeque
449 3228 555 3295 herbae,
570 3244 689 3303 quarum
703 3224 824 3281 delecte
838 3237 967 3297 soporem
1133 3220 1167 3274 15
1248 3217 1249 3294 J

218 3310 285 3366 Nox
298 3309 375 3386 legit,
391 3316 420 3366 ct
433 3307 540 3384 spargit
555 3323 605 3382 pcr
618 3321 720 3380 opacas
733 3300 852 3359 humida
865 3309 965 3356 terras.

218 3387 238 3448 J
239 3407 321 3457 anua,
336 3406 399 3466 quae
411 3405 491 3444 verso
505 3385 654 3442 stridorem
667 3381 779 3439 cardine
791 3377 901 3443 reddat,

218 3466 307 3524 Nulla
320 3466 404 3524 domo
418 3472 496 3532 tota;
517 3471 611 3522 custos
624 3461 655 3518 in
667 3459 764 3516 limine
777 3457 883 3516 nullus.

217 3545 259 3604 At
273 3544 364 3602 medio
377 3551 457 3600 torus
471 3551 514 3599 est
528 3543 616 3598 ebeno
630 3538 759 3596 sublimis
772 3537 802 3594 in
817 3544 908 3602 antro,

219 3622 364 3690 Plumeus,
379 3619 513 3689 unicolor,
529 3619 607 3696 pullo
620 3616 756 3675 velamine
770 3622 873 3684 tectus,
