2534 4172
528 147 687 189 CARMINA.

146 283 225 342 Ante
238 289 334 355 tamen
348 278 445 340 calidis
459 279 566 358 subjeci
580 279 690 338 sulsnrn
703 279 789 350 venis,

188 361 340 420 Clauderet
353 367 386 417 ut
399 359 482 418 Tatio
495 358 620 418 fervidus
632 358 736 417 humor
749 359 813 418 iter.

147 439 239 518 Cujus
253 447 286 496 nt
299 438 408 496 utilitas
421 437 511 515 pulsis
525 446 658 515 perceptu
671 437 793 506 Sabinis,

188 519 316 594 Qnaeque
330 517 394 586 snit,
409 524 473 575 tuto
486 515 596 574 reddita
608 516 700 574 forms
712 515 773 574 loco
787 525 841 585 est,

146 597 208 656 Ara
221 597 292 654 mihi
305 596 399 672 posits
411 605 455 652 cst
469 614 555 673 psrvo
569 594 719 672 conjuncta
732 594 850 652 sacello:
1043 598 1097 654 185

188 676 263 733 Hoec
275 673 369 732 adolet
382 673 504 732 flsmmis
518 693 583 730 curn
596 682 675 731 strue
688 671 763 730 fsrrn
776 672 867 730 suis.’'

147 761 169 787 ‘⁴
177 754 218 811 At
231 772 281 812 cur
295 771 363 829 pace
376 752 457 818 intes,
471 751 612 829 motisque
625 749 775 809 recluderis
788 749 872 808 armis
884 750 916 808 i'’

187 830 249 889 Nec
263 849 350 899 mors,
366 829 477 907 quaesiti
490 830 599 888 redditu
612 848 696 886 coust
708 828 789 886 mihi.

146 910 219 967 “Ut
232 908 338 987 populo
351 908 459 966 reditus
471 916 587 985 pateant
600 909 636 964 sd
649 906 723 966 bellu
736 906 870 985 profecto,

110 1052 114 1060 ⁴
186 989 260 1045 Toto
272 994 351 1064 pstet
364 985 480 1064 dempto
489 985 577 1063 janus
590 993 686 1043 nostra
700 1004 771 1043 sera.
1042 990 1098 1047 190

146 1066 220 1124 Pace
233 1065 309 1124 fores
321 1064 405 1133 obdo,
420 1083 456 1122 ne
469 1082 526 1142 qun
539 1062 680 1121 discedere
694 1063 804 1140 possit:

185 1144 372 1221 Caesareoque
385 1143 434 1201 diu
448 1142 560 1200 nomine
574 1142 685 1200 clausus
699 1141 778 1200 ero.’'

145 1223 235 1291 Dixit,
251 1229 289 1289 et,
303 1221 436 1279 attollens
449 1220 545 1279 oculos
558 1219 667 1277 diversa
679 1228 800 1289 tuentes,

185 1300 306 1377 Aspexit
319 1306 381 1358 tcto
394 1299 533 1377 quidquid
546 1298 576 1356 in
589 1298 656 1356 orbe
668 1297 734 1356 fuit.

146 1379 229 1447 June,
244 1379 305 1437 face
319 1384 440 1436 aeternos
452 1395 550 1455 pacem
564 1375 697 1454 pacisque
709 1375 863 1447 ministros,
1040 1379 1095 1437 195

186 1457 266 1516 Neve
279 1476 372 1526 suum,
386 1463 501 1534 proests,
516 1455 626 1514 deserat
639 1462 737 1514 auctor
750 1473 831 1532 opus.

264 1733 266 1738 ’
323 1768 449 1827 Auum
477 1765 679 1826 cursuum
707 1765 879 1826 unsrun.
1003 1737 1005 1742 ’

309 1922 349 1985 [Ρ.
361 1921 440 1971 Ovidii
451 1921 554 1970 Nasonis
565 1921 688 1968 Fastorum
699 1919 733 1968 iii.
746 1919 881 1983 522-654.]

148 2062 248 2120 Idibus
262 2066 306 2118 est
318 2059 413 2118 Annse
426 2057 531 2117 festum
542 2057 654 2194 §scinde
667 2057 813 2128 Perennoe,
875 2117 878 2126 ,

188 2138 277 2198 Haud
290 2137 388 2216 procul
401 2157 418 2196 a
431 2137 456 2194 ri
475 2137 510 2205 is,
525 2156 541 2194 s
562 2155 631 2194 vens
644 2136 732 2204 Tibri,
747 2137 815 2195 tuis.

148 2218 234 2277 Plebs
247 2217 332 2285 venit,
348 2235 381 2274 sc
394 2157 495 2274 viridis
508 2214 613 2293 passim
629 2214 745 2292 disjecta
758 2234 808 2291 per
821 2213 923 2274 herbas

188 2296 282 2364 Post,
297 2305 326 2353 et
338 2294 480 2354 occumbit
493 2313 559 2352 curn
572 2312 639 2370 pare
653 2292 771 2369 quisque
785 2312 846 2352 sun.

149 2374 208 2433 Sub
222 2375 295 2434 Jove
307 2393 373 2451 pnrs
386 2373 478 2441 durat,
493 2372 575 2448 pauci
589 2370 710 2429 tentoria
722 2379 850 2448 ponunt:
1079 2376 1096 2429 5

189 2453 272 2521 Sunt,
287 2452 388 2529 quibus
401 2470 416 2509 e
430 2451 515 2508 ramis
525 2449 642 2508 frondes
654 2447 729 2506 sacta
742 2468 806 2507 csss
819 2458 882 2514 est;

150 2532 220 2590 Pars
233 2530 282 2589 ubi
295 2550 347 2607 pro
360 2529 459 2607 rigidis
472 2529 594 2587 calamos
608 2535 730 2584 statuere
744 2527 891 2597 columnis,

189 2611 319 2686 Desuper
329 2617 457 2666 extentus
469 2608 628 2684 imposuere
643 2613 733 2683 togas.

150 2689 215 2750 Sole
228 2696 322 2746 tamen
335 2686 455 2764 vinoque
469 2686 570 2753 calent,
587 2703 729 2761 annosque
743 2692 901 2761 precantur,

189 2767 268 2835 Quot
282 2773 396 2823 sumant
408 2764 535 2842 cyathos,
549 2763 586 2822 sd
598 2783 804 2840 numerumque
817 2764 928 2824 bibunt.
1063 2771 1098 2825 10

150 2845 282 2904 Invenies
294 2844 362 2912 illic,
377 2843 427 2921 qui
440 2842 571 2901 Nestoris
585 2843 679 2900 ebibat
692 2862 800 2900 anuos:

175 2985 177 2988 ,
190 2925 264 2991 Quse
278 2922 315 2980 sit
328 2941 379 2999 per
393 2921 492 2980 culices
505 2921 581 2979 iactu
594 2921 702 2997 Sibylla
715 2940 790 2978 suos.

150 3002 216 3062 Illic
228 3010 257 3060 et
270 3007 385 3060 cantant
401 2999 534 3077 quicquid
547 2999 668 3057 didicere
681 2999 809 3068 theatris,

191 3081 229 3138 Et
239 3080 349 3158 jactant
361 3079 455 3136 isciles
470 3077 506 3135 ed
520 3097 571 3134 sun
583 3079 669 3136 verbs
682 3097 798 3136 munus:

150 3161 190 3218 Et
204 3157 312 3216 ducunt
325 3157 419 3235 posito
432 3156 516 3214 duros
530 3165 636 3215 cratere
648 3156 774 3224 choreas,

192 3237 332 3314 Cultaque
347 3235 457 3292 diffusis
472 3234 556 3292 snltst
568 3235 658 3292 amics
671 3233 769 3292 comis.

152 3317 249 3383 Quum
264 3315 393 3383 redeunt,
409 3313 534 3370 titubant
548 3322 576 3370 et
590 3321 656 3370 sunt
669 3311 828 3390 spectacula
841 3311 934 3390 vulgo,

193 3395 231 3450 Et
244 3393 404 3451 fortunatos
417 3392 499 3450 obvie
511 3391 595 3449 turbs
607 3398 698 3448 vocnt.

153 3473 225 3541 Quae
239 3480 335 3530 tamen
347 3471 409 3529 haec
420 3471 480 3528 Dea
494 3468 703 3546 sit—quonism
717 3467 877 3528 rumoribus
891 3478 1025 3529 errent-

194 3551 301 3609 Fsbuls
313 3549 459 3627 proposito
472 3547 551 3606 nulls
564 3544 683 3606 tacenda
696 3565 769 3610 meo.
1067 3555 1104 3611 20
