2486 4172
520 194 680 236 CARMIM·

135 328 207 387 Hac
219 326 324 396 venias,
340 326 463 396 Natalis,
478 327 531 396 ari,
546 328 709 406 prolemque
722 327 882 390 ministrarat

179 407 277 465 Ludat
291 415 320 464 et
333 416 400 464 ante
414 415 478 464 tuos
491 407 574 464 turba
587 407 694 465 noraha
706 407 803 486 pedes.

482 648 632 707 annom
651 648 747 707 vu..
890 591 977 701 ll.
993 617 1037 688 δ’

138 803 263 871 Phoebe,
278 801 360 870 fave;
383 818 472 858 novus
486 799 642 877 ingreditur
655 810 705 859 tua
717 803 824 880 templa
834 804 981 878 sacerdota

185 882 261 948 Huc,
277 899 338 956 age,
353 899 418 936 cum
432 880 539 936 cithara
551 880 775 959 carminibusque
787 883 861 942 reni.

139 961 232 1018 Nunc
245 968 274 1016 te
287 958 400 1015 rocales
410 957 552 1034 impellere
565 959 665 1034 pollice
679 958 809 1029 chordas,

186 1038 272 1095 Nunc
285 1055 383 1113 precor
395 1035 431 1092 ad
444 1035 540 1092 laudes
553 1037 664 1094 flectere
677 1037 762 1096 rerba
774 1055 860 1099 mear.

140 1119 222 1194 Ipse,
238 1114 402 1190 triumphali
416 1114 561 1172 devinctus
574 1124 703 1190 tempora
715 1115 802 1184 lauro,

186 1196 262 1252 Dum
278 1192 422 1252 cumulant
436 1211 506 1261 aras,
522 1192 558 1250 ad
572 1199 621 1249 tua
634 1212 712 1250 sacra
724 1195 804 1263 veni3

46 1265 49 1268 ⁵
142 1273 202 1332 Sed
213 1272 320 1330 nitidus
334 1270 505 1348 pulcherque
519 1271 599 1337 reni;
621 1290 697 1328 nunc
708 1271 794 1330 induc
807 1280 913 1332 vestam

186 1351 343 1426 Sepositam
355 1373 363 1416 3
389 1349 487 1424 longas
500 1369 576 1406 nunc
589 1349 659 1406 bene
673 1358 753 1427 pecte
763 1371 875 1411 comm:

142 1429 266 1498 Qualem
280 1437 308 1484 te
322 1435 486 1494 memorant,
502 1427 624 1485 Saturno
637 1447 701 1504 rege
712 1427 818 1505 fugato,

184 1507 295 1564 Victori
308 1505 406 1562 laudes
419 1505 593 1562 concinuisse
607 1505 682 1563 Jori.

141 1587 190 1646 Tu
205 1585 302 1662 procul
316 1591 449 1641 eventura
461 1583 548 1651 vides,
564 1583 615 1640 tibi
628 1583 740 1642 deditus
753 1604 843 1660 augur

186 1665 245 1722 Soit
258 1663 337 1730 bene,
352 1661 420 1738 quid
433 1661 484 1718 fati
497 1662 613 1737 provida
626 1670 720 1720 cantet
733 1663 809 1730 aris;

141 1744 246 1820 Tuque
259 1741 333 1817 regis
344 1749 442 1807 sortes,
456 1759 507 1816 per
521 1748 549 1797 te
562 1741 707 1817 praesentit
720 1739 872 1818 haruspex,

185 1820 308 1879 Lubrica
321 1817 439 1894 signavit
453 1831 540 1895 quum
552 1817 621 1876 deus
635 1826 700 1876 exta
709 1819 794 1875 notis.

143 1901 186 1958 Te
201 1899 271 1955 duce
282 1900 426 1954 Romanos
439 1915 582 1972 nunquam
598 1896 730 1953 frustrata
744 1895 850 1974 Sibylla
863 1905 914 1966 est,

185 1977 292 2034 Abdita
306 1994 367 2050 quae
383 1974 457 2031 senis
471 1975 529 2030 fata
542 1975 618 2031 canit
631 1974 760 2053 pedibus.

145 2056 262 2122 Phoebe,
278 2072 369 2112 sacras
384 2051 569 2110 Messalinum
580 2053 639 2110 sine
650 2061 763 2129 tangere
776 2055 891 2112 chartas

184 2134 274 2200 Vatis,
290 2143 318 2189 et
331 2133 400 2208 ipse,
416 2150 522 2206 precor,
537 2130 605 2207 quid
618 2138 700 2188 canat
712 2131 768 2199 illa,
784 2131 862 2190 duaa.

145 2213 217 2271 Haeo
232 2210 309 2269 dedit
322 2211 419 2266 AEneae
429 2218 528 2275 sortes,
543 2217 693 2285 postquam
707 2209 754 2266 ille
767 2217 912 2286 parentem
976 2207 982 2218 ”

185 2291 296 2348 Dicitur
309 2297 338 2346 et
351 2299 447 2363 raptos
461 2287 628 2344 sustinuisse
641 2288 745 2355 Lares;

144 2369 207 2428 Nee
221 2369 281 2425 fore
294 2367 425 2424 credebat
439 2367 567 2433 Romam,
583 2385 670 2442 quum
684 2372 804 2423 moestua
817 2365 852 2423 ab
865 2364 923 2424 alto

185 2447 258 2504 Ilion
273 2445 402 2502 ardentes
416 2444 563 2518 respiceret
584 2463 619 2501 ne
633 2443 717 2502 deos:

122 2591 125 2596 ,
145 2525 286 2584 Romulus
299 2532 410 2580 aeternae
427 2521 552 2578 nondum
565 2464 734 2580 lormaverat
747 2521 826 2580 urbis

186 2603 303 2670 Moenia,
319 2601 441 2659 consorti
455 2619 511 2657 uon
525 2600 678 2657 habitanda
687 2601 794 2667 Rerum

146 2681 200 2740 Sed
215 2690 282 2758 tuno
295 2681 447 2757 pascebant
459 2679 579 2736 herbosa
594 2678 700 2736 Palatia
714 2697 812 2747 voocae,

184 2760 222 2816 Et
233 2761 344 2816 stabant
358 2757 479 2816 humiles
492 2757 521 2814 in
536 2756 616 2815 Joris
628 2776 690 2814 arce
704 2775 784 2814 casae.

145 2839 231 2896 Lacte
245 2838 361 2895 madens
374 2836 431 2895 illie
445 2832 560 2893 suberat
572 2837 631 2892 Pan
643 2835 715 2892 ilicis
728 2835 845 2904 umbrae,

183 2917 222 2974 Et
235 2916 309 2973 facta
323 2915 428 2992 agresti
441 2915 532 2990 lignea
545 2913 614 2971 falce
628 2913 728 2982 Pales3

145 2995 341 3070 Pendehatque
355 2995 417 3070 vagi
429 2992 549 3069 pastoris
562 2993 591 3048 in
605 2992 704 3049 arbore
716 2998 824 3062 votum,

184 3072 304 3131 Garrula
317 3073 438 3129 silvestri
451 3071 548 3128 fistula
560 3089 638 3128 sacra
650 3071 712 3138 deo,

145 3151 260 3218 Fistula,
276 3151 322 3208 cui
335 3169 445 3226 semper
459 3149 594 3207 decrescit
606 3147 751 3206 arundinis
764 3147 843 3216 ordo,

182 3229 221 3286 Et
232 3228 356 3287 calamus
370 3248 432 3286 cera
442 3227 571 3304 jungitur
583 3247 672 3304 usque
685 3227 787 3286 minor.

144 3309 183 3366 At
193 3327 248 3385 qua
261 3307 375 3364 Velabri
388 3307 465 3382 regio
476 3313 562 3383 patet,
574 3305 614 3362 ire
629 3305 737 3362 solebat

182 3385 309 3461 Exiguus
323 3386 404 3461 pulsa
416 3403 466 3460 per
478 3383 551 3441 vada
563 3384 647 3441 linter
660 3402 741 3458 aqua

144 3463 195 3522 Illa
210 3483 283 3541 saepe
293 3463 385 3540 gregis
399 3463 464 3520 ditis
479 3462 616 3540 placitura
628 3461 763 3536 magistro

179 3542 227 3600 Ad
237 3545 370 3620 juvenem
384 3541 456 3599 festa
464 3550 506 3599 est
519 3549 600 3598 reeta
612 3540 707 3616 puella
719 3538 764 3598 die
777 3544 830 3608 est,
