2486 4172
490 223 652 262 CARMINA·
1022 213 1061 270 27

146 361 216 419 Non
229 358 321 437 pudet
335 365 365 416 et
377 357 454 415 rixas
469 358 617 415 inseruisse
627 359 717 436 juvat.

104 441 165 498 Hie
179 458 232 516 ego
243 439 303 495 dux
315 437 453 514 milesque
467 438 574 494 bonus:
597 457 654 504 ros,
669 439 749 514 signa
761 439 903 518 tubaeque,
1023 444 1061 508 75

148 520 195 575 Ite
208 515 309 594 procul
320 541 328 585 ;
351 516 461 592 cupidis
474 515 589 573 vulnera
602 516 673 573 ferte
686 517 770 586 viris3

102 597 193 656 Ferte
206 605 235 654 et
249 615 336 672 opes;
358 614 411 670 ego
421 595 578 670 composito
592 613 707 651 securus
721 615 819 654 acervo

146 675 311 752 Despiciam
326 673 408 741 dites,
423 672 632 750 despiciamque
646 673 761 732 samem.

462 901 611 959 susem
625 903 667 960 11.
681 909 742 988 *fi
854 835 991 960 ῙῙ.

99 1055 193 1114 Ibitis
206 1055 318 1130 AEgaeas
333 1043 393 1110 sine
407 1072 461 1121 me,
477 1054 609 1120 Messala,
626 1074 676 1131 per
689 1055 788 1123 undas,

145 1134 175 1192 Ο
189 1134 299 1190 utinam
312 1151 460 1198 memores,
475 1133 536 1208 ipse
547 1132 712 1209 cohorsque,
728 1133 802 1192 meil

98 1214 157 1270 Me
171 1218 251 1269 tenet
263 1211 368 1287 ignotis
382 1229 489 1286 aegrum
505 1211 636 1268 Phaeacia
649 1212 741 1268 terris.

145 1290 299 1347 Abstineas
312 1287 416 1356 aridas,
432 1288 522 1357 Mors,
538 1307 645 1366 precor,
660 1297 729 1356 atra,
742 1309 859 1360 manum

100 1368 268 1435 Abstineas,
284 1367 368 1424 Mors
379 1375 450 1434 atra,
466 1385 581 1443 precor:
602 1385 661 1424 non
674 1368 721 1426 hic
734 1369 805 1428 mihi
818 1377 916 1439 mater,
1041 1377 1057 1431 5

145 1447 222 1512 Quae
235 1446 310 1522 legat
323 1446 353 1502 in
367 1454 483 1502 moestos
497 1465 562 1503 ossa
575 1455 689 1524 perusta
702 1446 789 1515 sinus,

100 1525 175 1584 Non
186 1543 272 1592 soror,
287 1523 420 1600 Assyrios
435 1523 521 1581 cineri
535 1544 597 1602 quae
612 1524 696 1582 dedat
710 1524 818 1595 odores,

144 1602 187 1661 Et
199 1603 265 1660 fleat
279 1602 377 1659 effusis
391 1610 456 1658 ante
470 1602 597 1678 sepulcra
607 1604 713 1672 comis3

98 1683 189 1741 Delia
198 1700 254 1738 non
268 1700 388 1756 usquam
403 1688 447 1738 est
460 1700 524 1756 quae
538 1700 582 1738 me
596 1701 680 1758 quam
694 1682 820 1741 mitteret
833 1684 914 1754 urbe,

145 1759 260 1818 Dicitur
273 1767 338 1816 ante
352 1777 449 1815 omnes
460 1759 632 1817 consuluisse
647 1760 723 1818 deos.
1023 1769 1058 1824 10

101 1839 162 1898 Illa
176 1857 268 1894 sacras
281 1837 362 1913 pueri
376 1845 466 1894 sortes
480 1853 523 1894 ter
536 1839 672 1896 sustulit:
694 1838 735 1896 illi

145 1915 257 1974 Retulit
269 1935 285 1973 e
299 1915 388 1972 triviis
402 1916 497 1972 omina
509 1925 586 1974 certa
599 1937 678 1992 puer.

101 1997 220 2053 Cuncta
228 1994 334 2051 dabant
344 1993 470 2062 reditus3
492 2003 586 2052 tamen
600 2004 644 2052 est
658 1996 791 2055 deterrita
803 2017 957 2075 nunquam,

145 2075 224 2140 Quin
238 2073 326 2140 fleret,
341 2081 453 2129 nostras
466 2074 672 2151 respiceretque
685 2076 752 2132 vias.

101 2155 175 2235 Ipse
189 2171 242 2228 ego
257 2150 371 2215 solator,
387 2170 474 2227 quum
485 2152 544 2228 jam
559 2153 693 2211 mandata
705 2153 856 2225 dedissem,

145 2229 317 2298 Quaerebam
331 2229 425 2286 tardas
438 2231 539 2287 anxius
553 2250 642 2308 usque
656 2251 759 2290 moras.

101 2312 168 2370 Aut
181 2328 233 2385 ego
248 2327 311 2365 sum
326 2316 457 2364 causatus
471 2327 545 2373 aves,
556 2320 605 2367 aut
619 2311 715 2367 omina
728 2311 797 2381 dira,

146 2387 261 2446 Saturni
273 2395 324 2444 aut
338 2405 445 2444 sacram
459 2405 505 2444 me
518 2387 641 2445 tenuisse
655 2388 739 2448 diem.

102 2469 130 2528 Ο
147 2465 267 2542 quoties,
281 2466 425 2542 ingressus
435 2466 497 2534 iter,
513 2466 584 2524 mihi
597 2467 689 2524 tristia
702 2468 760 2526 dixi

145 2545 295 2604 Offensum
308 2544 338 2600 in
351 2553 433 2620 porta
446 2544 527 2620 signa
540 2544 650 2602 dedisse
664 2547 775 2622 pedem.

101 2624 221 2684 Audeat
233 2623 322 2681 invito
336 2641 371 2679 ne
385 2623 448 2698 quis
459 2622 601 2682 discedere
613 2623 729 2690 Amore,

145 2703 207 2761 Aut
217 2702 288 2759 sciat
301 2720 443 2779 egressum
457 2721 487 2758 se
502 2701 670 2778 prohibente
681 2703 745 2763 deo.

102 2782 184 2851 Quid
197 2789 247 2838 tua
260 2799 335 2838 nune
350 2780 405 2837 Isis
419 2780 498 2848 mihi,
515 2779 617 2838 Delial
638 2781 706 2858 quid
720 2783 790 2842 mihi
803 2795 924 2863 prosunt

145 2860 201 2918 Illa
213 2867 263 2917 tua
275 2859 358 2916 toties
372 2877 427 2918 aera
440 2859 552 2935 repulsa
565 2857 671 2917 manul

102 2939 227 3009 Quidve,
241 2938 288 3015 pie
302 2937 369 2994 dum
385 2937 554 3004 sacrocolis,
569 2958 694 3016 pureque
707 2939 795 3000 lavari

145 3018 187 3075 Te
203 3016 344 3088 (memini)
359 3023 388 3073 et
401 3034 472 3090 puro
487 3017 648 3074 secubuisse
661 3017 744 3077 torol

102 3097 201 3162 Nunc,
217 3095 277 3161 dea,
292 3114 367 3151 nune
381 3113 510 3152 succurre
524 3095 594 3152 mihi
610 3099 697 3166 (nam,
708 3117 790 3174 posse
802 3099 917 3169 mederi,

146 3174 226 3232 Picta
241 3173 323 3232 docet
336 3173 449 3248 templis
463 3172 554 3230 multa
567 3174 670 3231 tabella
682 3178 753 3250 tuis)

102 3255 148 3314 Ut
161 3271 225 3311 mea
237 3253 346 3310 votivas
359 3251 521 3327 persolvens
536 3252 617 3310 Delia
631 3273 712 3311 voces

145 3331 221 3391 Ante
234 3349 335 3397 sacras,
349 3330 407 3387 lino
421 3339 503 3396 tecta,
518 3330 592 3388 fores
606 3331 710 3401 sedeat,

102 3413 211 3489 Bisque
224 3411 278 3478 die,
293 3408 417 3466 resoluta
430 3427 533 3475 comas,
548 3409 601 3467 tibi
616 3411 707 3469 dicere
720 3411 818 3471 laudes

145 3489 267 3568 Insignis
281 3486 367 3546 turba
378 3486 479 3544 debeat
492 3485 521 3543 in
531 3487 642 3545 Pharia.

102 3569 145 3629 At
158 3569 229 3627 mihi
241 3565 388 3640 contingat
402 3566 508 3641 patrios
521 3566 661 3624 celebrare
676 3567 804 3640 Penates,

143 3649 328 3725 Reddereque
342 3644 457 3721 antiquo
471 3653 693 3703 menstruatum
706 3647 781 3706 Lari.

884 3743 902 3784 c
918 3731 936 3782 2
