2534 4172
178 165 215 224 94
512 179 540 218 r.
559 178 666 218 orrnrr
687 177 825 218 nasonrs

215 311 325 370 Excute
337 309 462 388 virgineo
476 318 623 388 conceptas
636 317 749 388 pectore
761 311 898 379 flammas,

217 390 247 447 Si
259 398 349 465 potes,
363 389 477 446 infelix:
500 389 524 446 si
536 409 658 466 possem,
674 388 766 446 sanior
779 408 878 446 essem.
1130 397 1168 454 lo

216 468 272 526 Sed
285 468 373 525 trahit
385 467 500 524 invitam
513 487 586 524 nova
598 477 657 524 vis:
679 466 809 544 aliudque
823 466 933 543 cupido,

216 545 301 603 Mens
315 545 391 603 aliud
405 544 522 602 suadet:
545 545 625 603 video
638 546 760 613 meliora,
775 546 936 622 proboque;

215 623 362 682 Deteriora
374 643 402 681 se
423 642 491 681 uor:
513 623 580 700 quid
593 624 623 680 in
636 623 757 699 hospite,
773 623 848 700 regia
862 623 949 700 virgo,

216 701 333 760 Uren'sl
354 709 382 758 et
395 643 534 758 tiralamos
548 702 630 758 alieni
643 701 766 777 concipis
779 698 875 759 orbis'l

216 781 287 837 Haec
298 798 407 857 quoque
418 787 491 836 terra
501 787 603 855 potest,
616 779 691 856 quod
701 798 786 846 ames,
799 779 881 837 dare:
902 779 986 845 vivat,
999 781 1094 840 anille
1128 786 1163 841 15

215 857 341 926 Occidet,
356 858 386 914 in
400 858 462 914 Diis
476 868 537 914 est:
559 857 633 914 vivat
646 865 757 914 tamen:
778 857 862 934 idque
875 858 981 933 precari

215 936 268 994 Vel
282 936 341 993 sine
355 953 448 992 amore
462 935 547 992 licet:
569 935 636 1012 quid
650 935 724 992 enim
739 935 879 992 commisit
892 935 1001 993 Iason?

215 1015 319 1082 Quam,
333 1014 388 1070 nisi
401 1012 550 1080 crudelem,
565 1033 621 1069 non
634 1020 732 1089 tangat
746 1013 854 1070 Iasonis
867 1021 944 1082 aetas,

215 1092 253 1149 Et
267 1111 355 1168 genus
368 1099 397 1148 ct
408 1089 520 1148 virtus?
541 1109 624 1166 quam
638 1109 704 1157 non,
719 1100 751 1148 ut
764 1099 865 1148 caetera
879 1091 980 1159 desint,

215 1169 318 1227 Forma
331 1187 441 1226 movere
454 1176 548 1246 potest
560 1167 572 1225 ‘l
592 1176 667 1226 certe
680 1187 743 1226 mea
755 1177 869 1244 pectora
882 1171 979 1227 movit.

214 1247 264 1313 At,
279 1247 333 1304 nisi
346 1266 429 1324 opem
443 1247 541 1314 tulero,
557 1255 701 1305 taurorum
715 1247 856 1304 afflabitur
868 1266 935 1305 ore:

215 1325 425 1401 Concurretque
438 1344 497 1383 suec
511 1325 607 1401 segeti,
622 1325 721 1383 tellure
735 1325 834 1382 creatis

215 1404 371 1461 Hostibus:
393 1411 442 1461 aut
455 1403 535 1460 avido
548 1403 662 1460 dabitur
674 1404 733 1460 fera
745 1402 843 1479 praeda
856 1402 980 1461 draconi.

215 1481 280 1540 Hoc
294 1501 346 1558 ego
360 1481 384 1538 si
396 1481 504 1557 patiar„
511 1492 573 1537 tum
587 1499 632 1538 me
646 1480 680 1538 de
694 1480 795 1558 tigride
808 1489 912 1549 natam,

214 1559 289 1617 Tum
302 1559 407 1617 ferrum
421 1568 449 1616 et
463 1559 593 1636 scopulos
606 1571 715 1635 gestare
728 1560 757 1615 in
771 1559 853 1617 corde
867 1559 986 1616 fatebor.

215 1637 275 1696 Cur
287 1658 343 1695 non
358 1646 386 1695 et
400 1645 496 1715 specto
509 1635 693 1714 pereuntem?
714 1637 863 1714 oculosque
875 1637 996 1695 videndo

215 1713 403 1774 Consedere?
423 1734 473 1772 cur
487 1734 543 1772 non
557 1723 652 1772 tauros
666 1715 799 1772 exhortor
812 1715 841 1772 in
854 1715 943 1783 illum,

214 1793 435 1871 Terrigenasque
448 1794 530 1861 feros,
545 1793 753 1870 insopitumque
768 1791 938 1865 draconem?

214 1871 253 1929 Di
267 1871 381 1930 meliora
393 1871 498 1929 velint:
520 1890 689 1948 quamquam
703 1891 759 1928 non
772 1871 826 1928 ista
838 1871 984 1948 precanda,

216 1949 271 2007 Sed
285 1949 411 2007 facienda
423 1949 511 2007 mihi:
533 1950 687 2025 prodamne
701 1968 753 2026 ego
767 1969 853 2026 regna
866 1945 1012 2026 parentis?

215 2029 311 2105 Atque
325 2047 378 2104 ope
390 2029 483 2086 nescio
498 2026 560 2104 quis
574 2028 731 2086 servabitur
744 2027 851 2086 advena
864 2036 969 2098 nostra,

215 2105 257 2164 Ut
270 2125 321 2184 per
333 2125 378 2163 me
392 2125 497 2184 sospes,
515 2107 575 2163 sine
588 2125 642 2174 me,
658 2106 707 2163 det
719 2107 806 2163 lintea
818 2106 919 2174 ventis,

215 2183 320 2261 Virque
334 2184 370 2242 sit
383 2183 518 2242 alterius?
539 2203 629 2262 poenae
644 2184 747 2241 Medea
759 2181 920 2262 relinquar?

216 2262 246 2319 Si
259 2261 348 2320 facere
361 2263 423 2330 boc,
438 2264 553 2320 aliamve
567 2270 659 2339 potest
673 2281 836 2339 praeponere
849 2262 938 2328 nobis,

215 2341 334 2399 Occidet
346 2341 473 2418 ingratus
486 2363 492 2398 ε
514 2340 563 2398 sed
577 2361 634 2398 non
646 2341 671 2398 is
684 2341 778 2398 vultus
791 2341 891 2410 inille,

215 2419 282 2477 Non
296 2439 328 2476 ea
341 2420 471 2476 nobilitas
485 2421 577 2477 animo
591 2427 643 2486 est,
659 2438 692 2477 ea
705 2420 794 2496 gratia
806 2419 914 2487 formae,

216 2497 258 2555 Ut
270 2498 384 2555 timeam
397 2499 532 2566 fraudem,
547 2497 695 2574 meritique
708 2497 810 2554 oblivia
822 2497 920 2556 nostri.

216 2576 254 2632 Et
268 2575 344 2634 dabit
358 2584 422 2634 ante
435 2575 537 2633 fidem:
559 2594 711 2653 cogamque
724 2577 753 2632 in
767 2575 872 2634 foedera
885 2583 971 2633 testes

217 2654 287 2712 Esse
301 2654 384 2712 deos:
406 2654 474 2732 quid
487 2662 549 2711 tuta
563 2655 653 2722 time's,
668 2655 827 2730 accingere:
849 2662 877 2711 et
890 2673 1002 2712 omnem

217 2732 293 2791 Pelle
306 2752 433 2790 moram:
455 2733 506 2790 tibi
520 2751 550 2791 se
564 2751 673 2810 semper
686 2732 798 2790 debebit
812 2733 912 2790 lason:

216 2811 257 2869 Te
270 2811 329 2869 face
343 2811 449 2870 solenni
459 2811 559 2889 junget
573 2812 642 2868 sibi:
665 2830 769 2889 perque
783 2811 915 2888 Pelasgas

217 2889 358 2948 Servatrix
371 2890 454 2947 urbes
468 2899 588 2947 matrum
604 2890 776 2946 celebrabere
790 2890 881 2949 turba.

155 2975 157 2982 '
217 2969 292 3045 Ergo
306 2987 358 3046 ego
371 2988 540 3046 germanam,
554 2969 732 3044 fratremque,
747 2975 919 3086 patremque,
934 2965 1058 3047 deosque

217 3046 255 3104 Et
268 3047 360 3104 natale
374 3047 474 3113 solum,
488 3047 578 3104 ventis
591 3045 683 3114 allata,
698 3045 870 3122 relinquam.

217 3125 329 3202 Nempe
341 3134 422 3202 pater
435 3143 546 3182 saevus:
567 3143 668 3200 nempe
682 3133 724 3182 est
737 3143 800 3182 mea
812 3124 930 3182 barbara
942 3123 1046 3196 tellus;
1120 3131 1159 3186 45

217 3204 315 3263 Frater
328 3203 420 3261 adhuc
432 3203 544 3260 infans:
566 3210 642 3260 stant
655 3220 766 3260 mecum
779 3211 844 3260 vota
858 3202 970 3262 sororis.

217 3282 361 3340 Maximus
374 3281 448 3338 intra
460 3301 506 3339 me
519 3281 597 3339 Deus
611 3288 672 3349 est;
694 3299 751 3338 non
764 3300 865 3358 magna
878 3280 1053 3361 relinquam,

217 3360 325 3437 Magna
337 3379 452 3436 sequar:
474 3359 588 3416 titulum
602 3366 720 3417 servatae
733 3360 817 3436 pubis
831 3359 958 3431 Achivae,

218 3437 412 3513 Notitiamque
426 3437 480 3494 loci
493 3437 624 3503 melioris,
639 3445 667 3495 et
681 3437 792 3514 oppida,
809 3454 927 3515 quorum

219 3515 276 3572 Hie
289 3532 399 3589 quoque
411 3516 486 3571 tama
498 3516 582 3590 viget,
597 3515 744 3591 cultusque
758 3525 887 3593 artesque
899 3516 1044 3577 virorum:
1122 3523 1162 3581 50

219 3590 367 3666 Quemque
380 3609 432 3666 ego
446 3609 510 3648 cum
523 3593 616 3661 rebus,
631 3611 701 3669 quas
713 3599 791 3651 totus
804 3593 930 3672 possidet
943 3595 1028 3667 orbis,
