2486 4172
176 194 214 250 58
448 207 542 248 suxrr
563 209 699 250 uuunnrr
721 207 895 248 ruoruurrr

136 447 216 570 V*
243 478 331 558 ‘22
543 473 792 534 unucmvru.

215 651 291 720 Quid
305 651 405 709 mirare
418 670 494 710 meos
505 657 548 709 tot
560 650 591 708 in
604 670 661 708 uno
674 669 789 728 corpore
801 647 926 708 formosi

255 731 359 807 Accipe
372 730 522 790 Vertumni
536 730 616 805 signs
629 737 745 804 paterno
757 729 812 786 dei.

214 810 325 866 Tuscus
338 827 399 885 ego,
415 817 443 866 et
456 807 555 866 Tuscis
566 807 657 865 oriorz
679 825 729 864 nec
742 806 860 882 poenitet
873 806 945 864 inter

255 887 358 943 Proelis
371 886 513 944 Volsinios
526 885 682 943 deseruisse
695 885 782 942 focos.

215 966 288 1023 Hoec
302 984 347 1022 me
362 964 444 1021 turbo
453 964 553 1039 juvat:
575 981 626 1021 nec
639 963 744 1038 templo
757 963 838 1020 loetor
852 962 974 1019 eburno:

255 1043 415 1099 Romanum
429 1043 496 1098 satis
510 1057 554 1100 est
566 1060 649 1118 posse
662 1041 754 1098 videre
767 1041 870 1098 sorum.

215 1121 279 1178 Hac
293 1119 433 1196 quondam
447 1120 595 1177 'libet-inus
608 1120 661 1176 iter
674 1118 810 1176 sociebsts
832 1126 860 1176 et
873 1118 951 1176 aiunt

255 1199 408 1255 Remorum
422 1197 532 1254 auditos
545 1216 596 1272 per
608 1195 679 1253 vada
692 1197 774 1271 pulsa
787 1214 879 1254 sonos.

214 1275 255 1332 At
268 1285 418 1352 postquam
430 1275 478 1332 ille
491 1275 549 1332 suis
562 1283 673 1332 tontum
687 1275 823 1332 concessit
836 1272 964 1342 alumnis,
989 1284 992 1289 '

254 1352 426 1410 Vertumnus
440 1371 519 1410 verso
533 1352 611 1410 dicor
624 1353 659 1409 sb
672 1371 754 1418 omne
766 1351 844 1409 deus.

216 1432 282 1496 Seu,
297 1433 363 1507 quio
375 1431 510 1488 vertentis
524 1430 647 1487 fructum
660 1430 845 1506 praecepimus
858 1428 933 1496 auin,

254 1509 402 1566 Vertumni
416 1527 512 1566 rursus
526 1508 649 1566 creditur
663 1527 723 1565 esse
737 1527 856 1564 socrum.

216 1587 311 1644 Primo
323 1586 394 1643 mihi
408 1587 496 1644 voriot
508 1586 658 1643 liventibus
672 1605 725 1642 urs
738 1585 865 1650 racemis,

254 1665 293 1722 Et
306 1683 386 1721 como
398 1663 513 1721 lactenti
527 1664 620 1739 spioes
633 1663 714 1739 fruge
729 1670 828 1720 tumet.

216 1742 273 1799 Hic
287 1742 381 1799 dulces
394 1761 511 1809 cerasos,
526 1742 573 1800 hic
585 1741 773 1798 suctumnslin
785 1759 875 1818 pruno

255 1820 364 1887 Cernis,
380 1827 407 1876 et
422 1819 519 1878 sestivo
532 1838 611 1876 mora
625 1819 723 1876 rubere
737 1819 791 1876 die.

215 1898 321 1955 Insitcr
334 1898 381 1954 hio
396 1898 479 1954 solvit
492 1915 608 1973 pomosa
620 1904 685 1953 vota
698 1916 809 1962 corono,

255 1976 351 2042 Quum
366 1975 444 2050 pirus
455 1975 542 2032 invito
558 1975 653 2050 stipite
666 1975 741 2032 mula
752 1975 828 2032 tulit.

216 2052 341 2109 Mendax
355 2052 430 2109 foma
442 2071 543 2110 nocess
565 2053 636 2110 nlius
650 2052 722 2110 mihi
734 2051 854 2110 nominis
868 2050 969 2119 inde'x;

255 2130 298 2186 De
315 2149 344 2186 se
357 2132 480 2187 narranti
494 2142 526 2188 tu
539 2130 623 2188 modo
636 2131 717 2188 crede
730 2130 792 2188 deo.

215 2207 384 2283 Opportuna
396 2227 458 2265 meo
471 2216 514 2266 est
528 2209 636 2266 cunctis
649 2217 749 2266 notura
761 2207 858 2284 figuris
869 2229 876 2264 ι

256 2286 291 2342 In
305 2305 498 2362 quamcunque
508 2287 593 2354 voles,
608 2297 703 2353 verte;
725 2287 841 2344 decorus
855 2305 911 2342 ero.

217 2363 307 2421 Indue
321 2383 366 2420 me
380 2363 455 2431 Cois,
471 2366 536 2422 tiam
551 2383 607 2420 non
621 2364 691 2420 duro
705 2364 814 2440 puello:

255 2441 360 2518 Meque
372 2442 463 2498 virum
478 2451 592 2518 sumpts
604 2442 667 2519 quis
680 2449 763 2518 neget
776 2459 837 2498 esse
850 2438 934 2517 tngo?

216 2518 262 2576 Da
274 2518 382 2586 falcem,
398 2527 426 2576 et
440 2528 515 2577 torto
528 2519 650 2577 frontem
664 2519 735 2576 mihi
748 2519 901 2596 comprime
914 2519 999 2586 foeno,

255 2596 274 2654 J
275 2597 369 2653 ursbis
383 2605 478 2654 nostru
491 2598 617 2674 gramina
630 2605 704 2655 secta
717 2617 812 2654 manu.

215 2672 304 2730 Arme
317 2674 370 2730 tuli
384 2675 534 2750 quondam,
549 2681 586 2743 et,
601 2675 725 2742 memini,
738 2675 871 2732 laudabor
884 2673 912 2730 in
926 2672 997 2731 illis:

256 2751 355 2808 Corbis
369 2753 399 2808 in
412 2752 543 2827 imposito
557 2753 680 2828 pondere
694 2771 802 2809 messor
815 2772 900 2809 eram.

217 2828 333 2885 Sobrius
346 2829 381 2886 sd
395 2829 476 2886 lites:
498 2840 526 2888 st
540 2850 626 2906 quum
640 2837 683 2887 est
696 2831 818 2905 imposta
831 2848 940 2898 corona,

257 2905 399 2963 Clamsbis
412 2907 497 2984 capiti
510 2908 574 2966 vius
587 2909 694 2966 subisse
707 2927 780 2966 meo.

217 2983 307 3059 Cinge
320 2992 405 3060 caput
418 2986 510 3053 mitro,
526 2985 647 3061 speciem
660 2985 774 3043 furabor
787 2985 900 3043 Iacchi:

257 3062 383 3119 Furobor
396 3062 506 3129 Phoebi,
522 3064 546 3120 si
560 3064 644 3120 modo
657 3064 765 3139 plectro
777 3062 866 3120 dabis.

218 3138 353 3196 Cassibus
366 3139 505 3216 impositis
519 3160 623 3198 venor:
646 3141 695 3197 sed
708 3141 843 3198 arundine
857 3147 969 3216 sumpts

257 3217 369 3274 Faunus
383 3217 512 3294 plumoso
527 3237 589 3274 sum
603 3218 673 3275 deus
685 3218 815 3295 aucupio.

218 3293 271 3350 Est
284 3294 368 3350 etium
382 3295 488 3371 surigae
502 3296 609 3371 specics
622 3296 805 3360 Vertumnus,
820 3302 848 3352 et
862 3294 932 3372 ejus,

257 3371 373 3446 Trujicit
385 3372 492 3430 alterno
506 3373 555 3449 qui
566 3373 626 3430 leve
639 3374 750 3449 pondus
764 3391 845 3448 equo.

220 3447 357 3524 Suppetat
370 3448 432 3517 hoc,
447 3452 538 3526 pisces
552 3451 659 3508 cnlomo
672 3451 841 3527 praedobor;
862 3458 890 3508 et
903 3449 949 3507 ibo

258 3525 386 3583 Mundus
400 3527 526 3584 demissis
539 3528 653 3586 institor
665 3529 695 3586 in
709 3528 821 3588 tunicis.
