2534 4172
157 203 199 276 Bd
495 237 523 274 r.
546 235 654 276 ovrmr
677 236 816 278 ursorum

201 365 287 433 Tene,
303 384 380 424 sacer
393 366 490 434 Vates,
505 368 625 426 flammae
639 388 755 446 rapuere
769 369 895 446 rogales:

242 445 407 504 Pectoribus
421 445 499 522 pasci
511 465 562 503 uec
576 447 694 504 timuere
708 446 786 504 tuisl

202 521 297 580 Aurea
310 531 470 580 sanctorum
483 525 644 600 potuissent
657 526 764 602 templa
776 527 900 584 Deorum
932 577 934 582 .

242 601 338 670 Urere,
354 621 417 678 quas
430 610 541 659 tantum
556 603 713 662 sustinuere
726 603 814 662 nefas.

201 678 313 737 Avertit
326 679 430 748 vultus,
442 681 542 758 Erycis
553 687 616 758 'qnae
629 681 756 758 possidet
769 701 865 751 arccs;

241 757 314 816 Sunt
327 778 438 836 quoque
451 759 500 836 qui
512 759 640 818 lacrimas
654 760 824 818 continuisse
838 767 951 836 negent.

202 835 259 894 Sed
272 844 366 894 tamen
379 837 434 894 hoc
446 837 548 894 melius
562 857 646 914 quam
661 839 686 895 si
700 838 831 896 Phaeacia
844 839 927 898 tellus

241 915 375 992 Ignotum
389 915 437 973 vili
450 916 644 993 supposuisset
657 917 755 974 humo.

201 992 278 1052 Hine
292 1001 366 1052 certe
379 993 508 1051 madidos
522 993 655 1070 fugientis
668 993 772 1072 pressit
786 995 888 1052 ocellos

240 1071 352 1140 Mater;
374 1079 402 1129 et
415 1071 443 1129 iu
458 1071 565 1129 cineres
580 1073 679 1130 ultima
693 1071 767 1130 dona
781 1073 864 1131 tulit:

201 1149 279 1207 Hinc
293 1168 371 1207 soror
383 1149 413 1207 in
426 1158 535 1226 partem
549 1151 650 1208 misera
663 1170 727 1208 eum
742 1158 832 1210 matre
846 1143 951 1209 doloris

239 1227 333 1296 Venit,
348 1227 490 1286 inornatas
504 1227 637 1287 dilaniata
650 1248 755 1287 comas.

200 1305 328 1383 Cumque
342 1305 398 1364 tuis
411 1325 463 1364 sua
472 1303 629 1383 junxerunt
642 1307 828 1384 Nemesisque
843 1308 974 1386 priorque

239 1383 364 1442 Oscula:
386 1404 437 1442 nec
451 1384 524 1443 solos
538 1383 690 1443 destituere
704 1404 798 1462 rogos.

199 1462 282 1520 Delia
295 1462 449 1531 discedens,
466 1471 484 1495 ‘⁸
494 1462 645 1531 Felicius,''
662 1463 763 1540 inquit,
779 1470 903 1522 “amata

239 1541 308 1599 Sum
322 1541 391 1599 tibi:
414 1541 516 1608 vixisti,
532 1540 600 1599 dum
615 1549 682 1599 tuus
696 1542 770 1620 ignis
784 1541 892 1600 eram.”
931 1577 945 1596 .

199 1619 254 1678 Cui
268 1619 406 1688 Nemesis,
424 1619 530 1687 “Quid
542 1617 605 1677 ais?
625 1619 678 1677 tibi
692 1621 749 1678 sint
761 1639 825 1678 mea
838 1619 941 1678 damna
954 1617 1054 1692 dolori,

238 1698 289 1756 Me
303 1698 394 1756 tenuit
408 1698 538 1766 moriens,
555 1698 701 1756 deficiente
714 1698 832 1756 manu.''

199 1775 229 1835 Si
243 1785 338 1834 tamen
352 1795 367 1834 e
380 1776 462 1835 nobis
475 1775 589 1854 aliquid,
604 1776 660 1833 nisi
672 1795 775 1834 nomen
789 1781 818 1834 et
830 1775 939 1846 umbra,

238 1855 359 1914 Restat:
380 1855 410 1912 in
423 1854 521 1945 Elysia
534 1853 605 1913 valle
618 1853 747 1912 Tibullus
762 1855 815 1912 erit
1114 1859 1153 1914 60

198 1933 308 1992 Obvius
322 1932 389 1992 huic
402 1953 508 2002 vemas,
522 1932 627 1990 hedera
637 1932 772 2011 juvenilia
786 1932 895 1991 cinctus

236 2013 385 2088 Tempora,
402 2030 467 2069 cum
482 2010 577 2080 Calvo,
593 2011 675 2070 docte
689 2011 809 2080 Catulle,
824 2019 885 2070 tuo.

196 2089 242 2149 Tu
255 2109 365 2168 quoque
382 2089 419 2166 (si
431 2089 533 2148 falsum
547 2098 590 2148 est
604 2090 734 2148 temerati
746 2089 851 2148 crimen
865 2085 960 2162 amici)

237 2167 387 2244 Sanguinis
402 2176 485 2246 atque
499 2169 611 2237 animae,
626 2168 742 2246 prodige
757 2165 847 2238 Galle,
862 2175 931 2225 tuan.

197 2247 253 2304 His
266 2265 359 2304 comes
366 2247 467 2304 umbra
475 2255 524 2304 tua
532 2255 588 2305 est:
604 2247 628 2304 si
636 2245 705 2324 quid
713 2246 796 2304 modo
805 2247 929 2324 corporis
936 2243 1037 2302 umbra
1045 2249 1102 2304 est.
1112 2249 1150 2306 65

235 2324 351 2383 Auxisti
364 2344 506 2393 numeros,
522 2325 598 2383 culte
611 2325 731 2394 Tibulle,
747 2325 818 2402 pios.

197 2403 271 2462 Ossa
285 2403 389 2481 quieta,
404 2423 512 2480 precor,
528 2411 592 2462 tuta
605 2403 771 2481 requiescite
784 2403 815 2460 in
827 2421 915 2462 urna:

234 2482 273 2540 Et
288 2482 325 2540 sit
337 2482 443 2540 humus
457 2482 543 2540 cineri
556 2502 614 2540 non
627 2501 745 2540 onerosa
758 2489 817 2540 tuo.

244 2868 263 2916 a
281 2865 389 2914 murus
407 2865 434 2915 e.
452 2863 562 2914 ouon
578 2863 719 2912 unsoms
737 2863 795 2922 om
813 2859 1059 2914 rusomnuuruu

374 2939 376 2942 ·
504 2925 833 2990 Mnrluoaruossou.

188 3083 239 3131 The
247 3081 327 3131 Books
334 3079 362 3130 of
370 3081 411 3130 the
422 3078 655 3129 'l'rrnsformations‘
665 3077 692 3142 (‘⁴
701 3079 790 3128 formas
798 3078 935 3126 mutatoria
946 3089 1008 3125 nora
1019 3076 1151 3142 oorpom”)
1258 3127 1259 3146 1

155 3161 217 3196 were
236 3148 288 3210 just
306 3147 448 3210 completed,
468 3147 515 3194 and
537 3147 650 3208 awaiting
667 3145 710 3192 the
730 3143 837 3192 anthor’s
854 3145 902 3192 last
918 3143 1000 3200 touch,
1018 3142 1089 3191 when
1111 3143 1151 3192 his
1172 3213 1179 3220 ἱ

287 3275 303 3310 ⁸⁸
320 3275 382 3326 Sunt
393 3289 487 3337 qnoque
498 3277 597 3322 mutatae
609 3277 645 3320 ter
657 3273 760 3334 quinque
771 3271 893 3320 uolumina
902 3270 993 3328 formae,

352 3341 463 3390 Carmina
474 3340 504 3386 de
515 3337 607 3386 domini
617 3337 700 3386 fouere
712 3341 781 3398 raptu
793 3336 836 3384 sui.

320 3405 385 3454 Illud
396 3420 455 3467 opus
468 3405 555 3466 potnit,
567 3404 587 3452 si
599 3417 646 3451 non
658 3402 725 3464 prins
736 3403 787 3463 ipse
798 3395 921 3463 perissem,

353 3471 447 3520 Cestius
458 3485 473 3517 a
484 3483 577 3517 summa
588 3481 676 3516 nomen
688 3466 776 3514 habere
787 3477 868 3514 mauu.

320 3537 391 3584 Nunc
401 3536 560 3582 incorrectum
571 3533 654 3594 populi
665 3532 772 3592 pervenit
784 3531 809 3578 in
821 3543 871 3588 ora,

353 3601 383 3648 In
394 3599 476 3661 populi
487 3599 616 3658 quidquam
627 3597 739 3646 attamen
751 3609 792 3644 ore
804 3609 884 3644 meum
895 3597 940 3644 est.
1025 3655 1027 3660 Ι
1042 3653 1045 3662 Ι

765 3659 847 3723 (Trlst.
859 3659 892 3710 iii.
904 3659 942 3708 El.
953 3659 1002 3710 xiv.
1014 3659 1119 3725 ls-ra)
