2486 4172
508 166 669 208 ΟΑΙΜΙΝΔ.

130 302 346 378 Coelestumque
358 299 443 360 fidem
456 308 600 378 postrema
609 319 769 378 comprecer
782 299 863 359 hora.

131 382 229 450 Quare
241 380 317 439 facta
330 380 421 438 virdm
434 379 587 437 multantes
599 379 709 436 vindice
722 398 807 456 poena

130 460 314 528 Eumenides,
330 459 433 537 quibus
446 458 586 535 anguineo
598 456 729 516 redimita
741 457 842 536 capillo

131 539 223 596 Frons
237 539 412 616 exspirantes
425 546 579 615 praeportat
591 536 713 614 pectoris
726 536 792 604 iras,
819 559 825 606 ι
839 539 899 638 q(

131 617 210 686 Huc,
226 616 284 675 hue
297 616 455 681 adventste,
470 635 547 673 meas
561 614 804 692 auditequerelas,

131 697 213 764 Quas
228 715 289 772 ego,
304 715 348 754 voe
362 694 490 753 miserae!
507 693 639 752 extremis
652 693 777 771 proferre
790 692 922 752 medullis

131 773 228 851 Cogor
242 775 333 850 inops,
348 773 458 841 ardens,
471 775 575 830 amenti
589 791 664 830 coeca
677 771 781 832 furore.

131 852 207 920 Quae
220 853 352 929 quoniam
366 869 430 910 vere
442 859 598 909 nascuntur
608 859 720 928 pectore
734 850 769 908 ab
782 849 850 920 imo,

130 931 193 988 Vos
207 930 293 989 nolite
306 929 366 1008 pati
379 938 508 987 nostnim
520 948 669 986 vanescere
682 928 809 990 luctum:
864 917 872 958 t
922 927 942 974 Ψ

131 1009 190 1066 Sed
203 1008 279 1086 quali
292 1009 380 1066 solam
394 1009 522 1066 Theseus
536 1027 582 1064 me
595 1016 689 1065 mente
702 1007 823 1084 reliquit,

130 1087 195 1145 'rui
204 1094 308 1155 mente,
323 1086 400 1152 Deae,
414 1086 539 1144 funestet
552 1105 637 1162 seque
651 1086 803 1163 suosque.'’

132 1166 196 1223 Has
210 1175 359 1243 postquam
373 1173 476 1224 moesto
488 1164 615 1242 profudit
627 1171 740 1240 pectore
752 1183 834 1222 voces

132 1243 309 1321 Supplicium
325 1244 407 1301 saevis
422 1262 574 1321 exposcens
588 1242 670 1300 anna
682 1242 782 1300 fectist

87 1368 95 1380 .
129 1321 243 1389 Annuit
252 1322 357 1380 invicto
371 1323 517 1380 coelestdm
532 1321 646 1378 numine
660 1328 760 1388 rector,
798 1331 818 1403 q
833 1348 845 1394 J
859 1319 884 1392 ἴ

130 1401 197 1468 Quo
208 1408 276 1458 tunc
288 1408 318 1458 et
332 1400 425 1468 tellus,
439 1409 524 1477 atque
537 1399 652 1457 horrida
665 1406 895 1456 contremuerunt

129 1479 264 1556 AEquora,
279 1479 475 1556 concussitque
489 1478 623 1535 micantia
635 1477 728 1534 sidera
739 1477 872 1536 mundus.

130 1557 198 1635 lpse
212 1567 306 1615 autern
320 1577 395 1616 coeca
407 1566 529 1615 mentem
543 1555 662 1632 caligine
674 1555 802 1613 Theseus

130 1635 276 1704 Gemitus,
290 1634 378 1693 oblito
392 1636 498 1694 dimisit
511 1645 623 1712 pectore
636 1641 747 1698 cuncta,

130 1713 206 1780 Quae
220 1714 352 1772 mandata
365 1715 443 1791 prius
457 1713 597 1772 constanti
610 1720 704 1770 mente
719 1710 851 1769 tenebat:
870 1727 880 1746 ¹
949 1719 951 1726 '

130 1793 233 1850 Dulcia
246 1812 297 1851 nec
310 1802 412 1851 moesto
426 1792 577 1850 sustollens
590 1791 671 1868 signa
682 1789 802 1866 parenti,
828 1801 833 1806 '

130 1871 283 1948 Sospitem,
296 1879 325 1928 et
334 1881 462 1948 ereptum
473 1890 502 1929 se
516 1870 641 1928 ostendit
654 1869 743 1927 visere
756 1875 880 1946 portum.

130 1949 263 2026 Namque
276 1950 379 2018 ierunt,
395 1950 461 2007 olim
475 1949 557 2007 classi
571 1968 635 2006 eum
649 1948 754 2006 moenia
767 1947 849 2006 Divae

130 2027 328 2104 linquentem,
343 2037 440 2086 natum
453 2028 545 2086 ventis
558 2027 736 2085 concrederet
748 2025 856 2102 AEgeus

129 2105 210 2163 Talia
222 2106 398 2185 complexum
410 2107 508 2185 juveni
518 2105 651 2164 mandata
664 2105 792 2163 dedisse:
847 2119 854 2136 ¹

130 2189 150 2217 “
159 2186 246 2251 Nate,
261 2184 331 2242 mihi
345 2185 430 2262 longa
438 2184 590 2262 jucundior
603 2185 683 2242 unice
696 2185 763 2250 vita,
781 2193 788 2206 “

129 2263 215 2331 Nate,
230 2282 282 2340 ego
296 2283 379 2338 quem
393 2264 423 2321 in
437 2263 538 2321 dubios
551 2282 636 2339 cogor
649 2262 792 2320 dimittere
805 2280 897 2326 casus,

130 2341 252 2400 Reddite
265 2342 295 2399 in
308 2351 440 2400 extremae
453 2361 543 2419 nuper
556 2342 626 2400 mihi
636 2343 692 2398 fine
707 2348 836 2406 senectae,

129 2419 364 2498 Quandoquidem
378 2421 493 2478 fortuna
505 2440 577 2488 mea,
591 2441 624 2478 ec
638 2430 689 2478 tua
702 2417 808 2476 fervida
821 2417 911 2475 virtus

129 2499 223 2576 Eripit
235 2499 324 2557 invito
336 2499 408 2558 mihi
421 2509 458 2567 te,
473 2500 519 2558 cui
532 2495 800 2575 languidanondum
859 2511 869 2569 t,
900 2522 903 2540 ι
917 2515 922 2527 ’

129 2577 252 2635 Lumina
265 2586 331 2635 sunt
344 2578 404 2635 nati
417 2597 481 2636 cara
494 2588 619 2635 saturata
631 2578 739 2652 figura:

130 2656 191 2714 Nec
205 2675 256 2733 ego
267 2665 296 2714 te
309 2657 436 2733 gaudens
448 2656 559 2714 laetanti
571 2665 684 2732 pectore
698 2652 819 2722 mittam,

128 2734 190 2792 Nee
204 2743 233 2792 tc
247 2735 318 2792 ferre
332 2735 422 2793 sinam
434 2735 567 2794 Fortunae
581 2735 662 2811 signe
675 2731 823 2791 secunde:

129 2811 184 2870 Sed
198 2814 321 2890 primum
336 2813 439 2872 multas
452 2833 615 2890 expromam
630 2824 723 2870 mente
737 2810 872 2888 querelae,

129 2890 267 2950 Canitiem
281 2900 364 2960 terra,
378 2901 463 2970 atque
475 2892 569 2949 infuso
582 2891 696 2969 pulvere
709 2889 837 2948 foedans:
883 2939 887 2950 ,
936 2934 939 2942 ,

129 2969 200 3028 Inde
212 2969 316 3029 infecta
327 2990 401 3048 vago
415 2970 584 3049 suspendam
598 2971 684 3028 lintea
697 2969 780 3037 melo,

128 3048 249 3106 Nostros
262 3057 296 3106 ut
308 3049 409 3116 luctus,
423 3062 585 3126 nostraeque
597 3047 725 3106 incendia
738 3045 849 3114 mentis,

129 3125 269 3185 Carbasus
283 3128 401 3186 obscura
415 3128 489 3184 dicat
503 3128 643 3204 ferrugine
657 3127 749 3184 lbera.

128 3203 213 3272 Quod
225 3205 278 3264 tibi
291 3207 315 3264 si
329 3206 418 3264 sancti
431 3206 599 3264 concesserit
611 3205 704 3263 incola
717 3202 802 3271 Itoni,

130 3284 213 3354 (Quae
227 3294 355 3342 nostrum
369 3303 466 3360 genus,
481 3305 513 3341 ac
527 3285 608 3341 sedes
622 3281 770 3341 defendere
784 3280 864 3339 iretis

128 3363 250 3432 Annuit)
266 3373 299 3420 ut
313 3364 386 3421 tauri
399 3382 544 3440 respergas
559 3361 693 3438 sanguine
708 3360 854 3418 dextram:

128 3441 201 3500 Tum
215 3461 282 3499 vero
295 3441 388 3509 facito,
403 3451 436 3499 ut
451 3441 568 3500 memori
581 3441 632 3497 tibi
647 3439 760 3496 condita
772 3436 855 3496 corde

129 3520 200 3578 Haec
209 3522 323 3596 vigeant
337 3521 485 3577 mandate:
506 3539 557 3576 nec
571 3519 628 3575 ulla
640 3517 770 3574 obliteret
781 3524 862 3574 aetas.

130 3597 179 3669 Ut,
194 3599 279 3657 simul
292 3619 325 3657 ac
338 3609 449 3656 nostros
461 3599 581 3655 invisent
594 3597 701 3653 lumina
714 3595 807 3663 colles,
