2486 4172
500 201 660 244 cosmus.

123 336 201 395 Haec
214 335 321 393 suerint
334 335 420 393 olim:
442 335 492 394 sed
506 343 538 394 tu
548 336 607 414 jsm
623 335 706 404 mitis,
721 336 749 394 A
770 336 834 405 ollo,

167 413 299 490 Prodigia
311 413 456 474 indomitis
470 434 563 492 merge
577 415 631 472 sub
644 357 804 492 aequoribus
812 439 822 483 ς

122 492 166 549 Et
179 512 312 549 succense
325 493 410 550 sacris
424 493 540 570 crepitet
553 494 624 550 bene
637 493 731 550 laurea
742 491 873 561 flammis,

167 571 270 629 Omine
284 590 340 647 quo
353 570 420 628 felix
434 580 462 628 ct
476 590 551 628 socer
564 591 654 628 annus
668 572 731 630 erit.

124 649 248 716 Laurus,
263 648 300 717 io,
315 650 389 706 bone
403 649 482 724 signa
496 649 581 717 dedit,
596 650 726 725 gaudete,
740 648 848 717 coloni;

167 726 318 784 Distendet
329 727 413 804 spicis
427 727 526 784 horrea
539 727 623 804 plens
638 726 741 794 Cercs;

123 803 241 862 Oblitus
254 812 283 862 et
295 813 389 861 musto
403 805 483 862 feriet
496 805 567 882 pede
580 805 702 862 rusticus
716 824 793 873 uvss,

167 883 251 939 Dolis
263 882 331 939 dnm
345 883 440 959 magni
453 882 636 960 deficiantque
649 883 735 942 lacus.

123 961 168 1018 At
181 960 310 1018 madidus
324 961 436 1018 Baccho
449 980 500 1017 sua
513 960 585 1018 fests
600 961 698 1018 Palilia
711 968 808 1038 pastor

166 1037 321 1106 Concinet3
343 1058 359 1094 s
373 1038 491 1096 stabulis
505 1047 572 1096 tunc
587 1038 682 1114 procul
696 1047 754 1096 este
767 1037 848 1116 lupi..

123 1116 180 1174 Ille
193 1116 261 1172 levis
276 1117 389 1193 stipulae
403 1116 530 1173 solennes
545 1126 629 1192 potus
642 1135 754 1174 acervos

166 1193 317 1262 Accendet,
333 1194 460 1251 flammas
472 1194 664 1272 transilietque
678 1213 787 1261 sacras;

123 1273 165 1330 Et
177 1272 252 1329 setus
265 1282 393 1330 metrone
406 1272 494 1340 dubit,
509 1282 646 1349 natusque
659 1273 768 1348 putenti

165 1350 271 1408 Oscula
283 1351 453 1427 comprensis
467 1350 581 1407 auribus
594 1351 711 1427 eripiet:

122 1428 188 1486 Nec
200 1428 316 1486 taedebit
329 1448 412 1485 avum
425 1447 512 1504 parvo
524 1428 674 1504 advigilare
687 1427 792 1505 nepoti,

165 1506 307 1582 Bulbaquc
321 1526 385 1564 cum
399 1525 485 1583 puero
499 1505 590 1564 dicere
601 1507 685 1564 verbs
698 1525 802 1564 senem.

121 1585 206 1642 Tune
218 1593 332 1662 operata
345 1584 398 1643 deo
411 1584 500 1662 pubes
514 1584 670 1642 discumbet
682 1585 712 1641 in
725 1583 822 1652 herba,

163 1662 281 1720 Arboris
294 1663 415 1738 antiquae
429 1663 564 1739 qualevis
578 1662 678 1720 umbre
690 1662 783 1730 osdit3

122 1740 185 1797 Aut
198 1749 300 1798 erestc
314 1740 494 1798 succendent
508 1740 671 1798 umbracula
685 1741 770 1798 sortis

163 1818 274 1886 Vincta,
288 1827 436 1876 coronatus
451 1818 537 1876 stabit
550 1827 578 1876 et
591 1827 656 1876 ente
670 1817 752 1876 calix.

99 1934 102 1938 r
122 1897 165 1954 At
179 1896 233 1954 sibi
245 1897 362 1974 quisque
374 1896 461 1973 dapes
475 1904 503 1954 et
516 1896 601 1954 festss
614 1903 726 1954 extruet
738 1895 795 1953 alte

164 1974 326 2051 Cespitibus
340 1994 459 2043 mensus,
475 1974 682 2052 cespitibusque
694 1981 798 2031 torum.

124 2053 240 2128 Ingeret
252 2053 299 2110 hio
313 2061 396 2129 potus
406 2052 517 2130 juvenis
530 2053 677 2110 maledicte
689 2051 800 2128 puellae,

164 2131 316 2188 Postmodo
331 2151 393 2207 quae
406 2131 478 2188 votis
492 2131 571 2188 irrita
584 2131 658 2188 facts
670 2130 746 2188 velit.

123 2209 199 2267 Nem
212 2208 288 2266 ferus
301 2208 348 2266 ille
362 2229 419 2266 auae
433 2209 553 2286 plorabit
567 2208 677 2266 sobrius
691 2207 776 2274 idem,

163 2286 200 2344 Et
215 2306 244 2344 se
254 2287 359 2365 jurabit
373 2295 466 2344 mente
480 2287 566 2344 fuisse
578 2287 660 2344 mule.

124 2364 195 2422 Pace
209 2376 267 2432 tuu,
282 2375 451 2443 pereantque
464 2383 554 2430 arcus,
569 2371 739 2442 pereantque
753 2361 873 2440 sagittus,

163 2443 279 2508 Phoebe,
294 2443 378 2501 modo
391 2445 420 2500 in
434 2443 517 2500 terris
531 2451 605 2500 erret
617 2442 737 2500 inermis·
745 2441 844 2498 Amor.

122 2521 179 2578 Ars
193 2521 282 2588 bona;
304 2521 362 2586 sed,
377 2530 527 2598 postquam
540 2521 641 2578 sumsit
656 2519 709 2578 sibi
722 2519 779 2577 tels
792 2516 912 2596 Cupido,

162 2599 238 2664 Heu,
252 2599 317 2667 heu,
332 2619 416 2675 quam
431 2599 527 2656 multis
541 2618 585 2655 ars
599 2598 677 2656 dedit
690 2597 738 2654 ills
750 2595 873 2654 melum!

124 2677 161 2735 Et
174 2677 246 2734 mihi
259 2679 417 2754 praecipue:
436 2677 515 2754 jaceo
529 2696 614 2754 quum
629 2677 738 2734 saucius
751 2693 865 2741 mnum,

161 2755 199 2812 Et
211 2756 291 2812 faveo
304 2755 412 2821 morbo,
428 2773 515 2832 quum
524 2754 606 2832 juvat
619 2754 678 2831 ipre
692 2752 788 2812 dolorl

124 2833 150 2890 U
184 2853 218 2890 ue
231 2853 300 2890 cuno
315 2833 457 2900 Nemesin,
472 2833 532 2890 sine
545 2852 600 2911 qua
612 2851 708 2890 versus
720 2831 792 2889 mihi
804 2829 898 2889 nullus

151 2853 254 2968 sllerbs
266 2919 368 2987 potest,
379 2910 472 2988 justos
486 2919 535 2968 sut
549 2911 669 2987 reperire
682 2909 777 2988 pedes.

123 2989 163 3047 At
175 2997 207 3047 tu
223 2989 301 3065 (nam
315 2988 410 3045 divum
424 2997 517 3046 servat
530 2989 619 3046 tutela
632 2991 753 3065 poetas)

161 3068 334 3132 Prasmoneo,
349 3066 406 3124 vati
418 3086 510 3144 parce,
524 3065 626 3144 puella,
642 3084 729 3135 sacro,

124 3145 164 3202 Ut
177 3146 361 3204 Messalinum
375 3144 521 3212 celebrem,
536 3163 632 3221 quum,
647 3143 764 3221 proemis
776 3141 851 3208 belli,

159 3223 235 3282 Ante
249 3243 316 3281 suos
330 3242 427 3280 currus
441 3223 545 3299 oppida
558 3222 631 3279 victu
644 3222 724 3289 feret,

124 3302 186 3378 Ipse
199 3321 298 3378 gerens
310 3302 421 3368 lauros;
442 3300 521 3360 luuro
534 3299 680 3358 devinctus
694 3298 798 3375 agresti

159 3379 244 3437 Miles
258 3386 278 3412 “
287 3380 351 3448 Ιο,”
367 3398 469 3456 magna
481 3397 558 3446 voce,
574 3375 785 3452 “Triumphe''
799 3381 890 3434 cenet.

123 3457 200 3517 'l'unc
214 3458 339 3516 Messala
351 3477 430 3514 meus
444 3457 491 3534 pis
504 3456 551 3512 det
564 3454 723 3533 spectacula
737 3453 837 3522 turboe,

158 3534 197 3594 Et
209 3535 327 3613 plsudst
339 3555 423 3593 curru
436 3545 620 3612 praetereunte
634 3541 723 3611 pater.
