2486 4172
203 190 240 243 28
576 201 666 240 annu
687 200 822 240 uranum

241 337 334 402 Quum
350 335 418 392 bene
434 333 554 392 Saturno
565 334 695 392 vivebant
709 351 783 409 rege,
798 333 963 411 priusquam
1159 346 1202 402 35

279 413 376 471 Tellus
389 414 419 470 in
431 411 530 489 longas
544 421 588 470 est
600 412 740 489 patefacta
750 411 825 468 vias!

241 491 375 550 Nondum
390 492 524 550 caeruleas
537 491 621 568 pinus
635 500 842 567 contempserat
855 492 955 560 undas,

279 571 410 628 Effusum
425 570 515 628 ventis
528 570 742 647 praebueratque
756 569 857 637 sinum,

240 651 301 708 Nec
314 669 412 726 vagus,
427 649 532 726 ignotis
546 658 675 726 repetens
690 647 856 725 compendia
870 648 960 718 terris,

279 728 423 786 Presserat
435 737 550 784 externa
563 727 657 784 navita
670 745 762 784 merce
775 735 874 784 ratem.

240 806 293 864 Illo
302 827 358 864 non
371 806 479 863 validus
494 806 579 863 subiit
590 805 659 882 juga
673 813 798 880 tempore
811 813 928 873 taurus3

278 885 345 942 Non
358 885 466 942 domito
480 883 573 941 frenos
587 903 634 944 ore
648 883 800 940 momordit
813 902 919 960 equus;

238 963 305 1021 Non
319 962 419 1020 domus
433 962 490 1019 ulla
502 962 576 1019 fores
589 961 707 1029 habuit3
728 980 785 1018 non
799 962 872 1020 fixus
886 963 916 1020 in
925 962 1010 1040 agris,

277 1042 332 1108 Qui
347 1049 454 1116 regeret
468 1041 551 1098 certis
564 1040 668 1098 finibus
681 1059 755 1108 arva,
767 1039 849 1116 lapis.

239 1121 315 1198 Ipsae
329 1120 412 1177 mella
425 1119 530 1177 dabant
539 1138 667 1195 quercus,
682 1119 812 1195 ultroque
825 1118 952 1176 serebant

277 1198 368 1256 Obvia
379 1197 482 1256 securis
496 1198 581 1254 ubera
594 1197 674 1255 lactis
688 1217 763 1256 oves.

238 1276 304 1334 Non
318 1277 399 1344 acies,
414 1295 472 1333 non
485 1275 526 1333 ira
539 1275 603 1341 fuit,
618 1295 675 1332 non
688 1275 768 1342 bella,
784 1293 837 1333 nec
851 1294 946 1332 ensem

278 1355 387 1412 Immiti
400 1373 492 1412 saevus
507 1357 625 1412 duxerat
639 1363 699 1411 arte
712 1354 799 1411 faber.
831 1394 835 1402 -

238 1432 323 1490 Nunc
337 1433 407 1490 Jove
421 1434 474 1491 sub
488 1433 603 1490 domino
617 1432 708 1490 caedcs
723 1440 751 1490 et
764 1432 880 1488 vulnera
895 1452 1014 1510 semper,

277 1511 362 1568 Nunc
376 1531 460 1580 mure,
473 1531 548 1569 nunc
561 1511 610 1568 leti
624 1512 700 1568 mille
714 1519 830 1587 repente
844 1511 906 1569 viae.

238 1590 334 1658 Parce,
349 1599 446 1666 pater;
469 1590 598 1647 timidum
613 1610 669 1647 non
683 1609 728 1646 me
741 1587 865 1666 perjuria
876 1597 990 1658 terrent,

277 1668 304 1724 N
306 1688 342 1725 on
356 1669 430 1726 diota
443 1670 473 1725 in
487 1676 598 1726 sanctos
612 1669 699 1745 impia
711 1667 795 1724 verba
809 1667 885 1724 deos.

236 1746 320 1814 Quod
334 1747 357 1803 si
371 1747 468 1804 fatales
478 1747 537 1823 jam
551 1767 626 1804 nunc
640 1747 813 1823 explevimus
828 1765 925 1813 annos,

275 1825 339 1892 Fac,
354 1824 425 1902 lapis
437 1825 483 1882 his
498 1827 618 1902 scriptus
633 1833 688 1882 stet
701 1843 785 1901 super
798 1843 863 1880 ossa
875 1824 950 1881 notis
963 1846 970 1881 ε

236 1904 300 1962 Hrc
314 1921 412 1962 Jecur
426 1922 541 1961 rmum
557 1921 769 1962 consumeres
783 1920 895 1959 monus
909 1903 1086 1975 Treueros
1155 1915 1189 1926 ”

274 1981 450 2039 Messanam
464 1993 573 2040 nunna
587 2001 658 2039 num
673 1997 904 2043 snonrrunnnn
920 2000 1015 2041 Maur.

235 2059 292 2117 Sed
306 2079 360 2126 me,
375 2059 450 2137 quod
463 2059 552 2117 facilis
566 2069 661 2119 tenero
676 2080 738 2117 sum
753 2077 863 2133 semper
877 2061 983 2129 Amori,

274 2138 342 2214 Ipsa
355 2137 451 2196 venus
465 2157 579 2216 campos
590 2139 673 2196 ducet
686 2139 716 2196 in
730 2137 852 2214 Elysios.

234 2215 291 2273 Hic
305 2215 413 2274 choreae
424 2225 579 2296 cantusque
589 2219 694 2294 vigent,
709 2218 870 2293 passimque
885 2226 1016 2292 vagentes

273 2294 362 2353 Dulce
377 2304 477 2357 sonant
491 2296 568 2354 tenui
582 2305 697 2373 gutture
710 2313 821 2353 carmen
835 2313 917 2350 aves:

233 2373 300 2431 Fert
314 2373 417 2431 casiam
431 2393 488 2431 non
501 2375 576 2432 culta
590 2394 678 2452 seges,
693 2382 822 2450 totosque
836 2391 886 2448 per
899 2392 980 2449 agros

273 2451 368 2508 Floret
381 2453 505 2511 odoratis
519 2461 593 2511 terra
607 2454 728 2530 benigna
741 2453 821 2510 rosis.

233 2529 290 2587 Hic
300 2529 436 2607 juvenum
452 2532 547 2600 series,
563 2533 666 2589 teneris
680 2532 809 2589 immixta
822 2529 933 2604 puellis,

272 2609 369 2677 Ludit,
385 2619 413 2666 et
427 2610 538 2686 assidue
552 2610 648 2686 praelia
660 2610 759 2668 misoct
774 2611 874 2668 Amor.

233 2686 295 2744 Illic
309 2695 360 2756 est,
376 2688 531 2764 cuicunque
542 2707 628 2764 rapax
642 2707 717 2744 mors
731 2687 807 2755 veuit
820 2687 935 2755 amanti,
986 2723 989 2728 ·

270 2765 308 2822 Et
321 2766 394 2842 gerit
407 2766 509 2842 insigni
523 2776 634 2840 myrtea
648 2775 722 2823 serta
735 2786 837 2831 coma„

230 2843 272 2900 At
286 2845 420 2902 scelerata
429 2844 505 2920 jacet
519 2844 599 2900 sedes
612 2845 641 2900 in
655 2853 737 2901 nocte
750 2845 893 2920 profunda

270 2921 384 2990 Abdita,
401 2942 486 2999 quam
500 2923 604 2979 circum
618 2923 735 2979 flumina
748 2923 827 2998 nigra
841 2932 959 2983 sonanti

229 2999 439 3077 Tisiphoneque
451 3001 563 3077 impexa
577 2999 650 3057 feros
665 3020 716 3078 pro
727 3002 849 3062 crinibus
864 3023 969 3079 angues

270 3078 363 3146 Saevit,
379 3089 407 3137 et
421 3079 478 3136 huc
490 3078 556 3138 illuc
569 3079 656 3157 impia
669 3081 753 3138 turba
765 3080 848 3156 fugit.

228 3157 308 3214 Tunc
321 3158 401 3233 niger
414 3158 442 3215 in
457 3165 538 3234 porta
552 3167 713 3234 serpentum
728 3160 867 3218 Cerberus
882 3179 929 3224 ore

269 3235 383 3302 Stridet,
396 3244 424 3292 et
438 3237 530 3294 aeratis
544 3238 664 3294 excubat
677 3247 741 3295 ante
755 3237 839 3302 fores,

229 3313 291 3371 Illic
305 3314 325 3373 J
327 3333 447 3372 unonem
462 3323 569 3374 tentare
584 3317 692 3375 Ixionis
704 3317 766 3380 ausi

266 3392 421 3450 Versantur
435 3394 517 3452 celeri
530 3395 615 3452 noxia
627 3395 755 3452 membra
768 3403 847 3454 rota=

228 3469 431 3548 Porrectusque
443 3493 543 3530 novem
557 3475 659 3550 Tityus
673 3493 723 3550 per
733 3473 833 3550 jugera
847 3483 930 3533 terrm

264 3548 403 3606 Assiduus
417 3560 478 3608 atro
491 3552 595 3608 viscere
609 3553 699 3626 pascit
712 3571 787 3609 aves.

225 3626 363 3684 Tantalus
377 3629 498 3697 estillic,
514 3638 542 3686 et
556 3629 660 3686 circum
671 3638 788 3706 stagna;
810 3630 860 3689 sed
873 3649 936 3688 acre
