2486 4172
147 148 185 206 36
513 163 603 203 annu
623 164 756 204 urrunnr

185 296 258 355 Cum
273 314 328 370 qua
340 293 452 352 fecundi
466 294 607 354 redierunt
620 316 736 354 munera
749 295 830 364 ruris,

225 374 330 431 Caseus
344 381 372 430 et
385 375 474 431 niveae
487 373 622 432 candidus
636 395 725 451 agnus
739 375 808 432 ovis.

186 453 310 528 Impiger
323 452 421 520 AEnea,
436 451 578 509 volitantis
587 453 672 510 frater
686 453 808 522 Amoris,

225 530 325 588 Troica
338 530 385 606 qui
399 529 525 607 profugis
539 550 616 587 sacra
629 531 707 588 vehis
718 531 834 598 ratibus,

185 609 251 668 Jam
266 608 316 664 tibi
330 609 484 666 Laurentes
498 607 627 685 adsignat
641 609 753 686 Jupiter
765 629 863 685 agros;

226 687 245 745 J
246 707 291 744 am
305 696 385 744 vocat
398 695 521 744 errantes
534 687 648 764 hospita
660 697 734 745 terra
746 688 842 745 Lares.

187 765 249 822 Illic
263 773 376 822 sanctus
389 765 450 830 eris,
466 786 554 842 quum
567 773 595 822 te
606 764 760 822 veneranda
774 765 887 823 Numici

225 842 310 901 Unda
319 843 404 900 deum
417 842 487 902 coelo
501 844 609 901 miserit
622 843 790 920 Indigetem.

186 922 260 979 Ecce
273 940 356 997 super
370 921 457 979 fessas
469 923 568 980 volitat
581 920 705 979 Victoria
717 941 827 998 puppes
838 946 846 989 ;

226 999 351 1056 Tandem
366 999 402 1058 ad
414 1000 549 1078 Trojanos
562 1000 626 1057 diva
639 1001 758 1076 superba
771 1000 856 1058 venit.

187 1077 260 1135 Ecce
273 1077 344 1134 mihi
356 1077 449 1136 lucent
463 1079 578 1136 Rutulis
590 1078 717 1136 incendia
730 1079 847 1136 castris:

226 1155 291 1213 Jam
305 1155 357 1213 tibi
371 1157 500 1234 praedico,
515 1157 631 1214 barbare
644 1156 747 1224 'sume
762 1175 868 1214 necem.

186 1234 262 1290 Ante
276 1233 372 1292 oculos
386 1235 512 1310 Laurens
526 1244 648 1292 castrum
663 1254 815 1312 murusque
829 1234 928 1292 Lavini
942 1243 994 1304 est,

226 1310 354 1388 Albaque
368 1314 402 1371 ab
415 1313 537 1370 Ascanio
546 1313 659 1370 condita
673 1314 771 1390 Longa
784 1312 864 1370 duce.
1094 1317 1136 1373 50

186 1389 227 1447 'l’e
241 1409 350 1467 quoque
360 1391 418 1468 jam
432 1391 521 1460 video,
536 1391 624 1448 Marti
637 1391 773 1468 placitura
786 1391 923 1457 sacerdos,

226 1465 288 1535 Ilia,
302 1470 420 1527 vestales
433 1470 588 1528 deseruisse
601 1469 686 1538 focos,
784 1509 787 1514 -

187 1544 415 1625 concubitusque
429 1558 493 1606 tuos
505 1549 612 1615 furtim,
628 1549 767 1625 vittasque
776 1547 910 1626 jacentes,

226 1623 263 1680 Et
277 1627 371 1702 cupidi
384 1627 420 1684 ad
433 1627 508 1703 ripas
521 1646 599 1684 arma
611 1626 707 1684 relicta
720 1627 774 1684 dei.

187 1701 302 1778 Carpite
315 1725 397 1770 nunc,
413 1706 494 1772 tauri,
510 1704 544 1762 de
559 1713 666 1780 septem
680 1705 824 1762 montibus
837 1704 944 1773 herbas

227 1780 302 1838 Dum
316 1783 397 1850 licet3
419 1783 465 1840 hic
480 1803 589 1858 magnae
599 1781 658 1858 jam
672 1782 750 1840 locus
764 1783 841 1840 urbis
854 1782 916 1840 erit.

188 1857 287 1927 Roma,
303 1869 383 1918 tuum
397 1880 498 1917 nomen
515 1861 596 1916 terris
610 1861 693 1917 fatale
707 1861 843 1936 regendis,

227 1935 291 2002 Qua
302 1958 352 1994 sua
365 1939 400 1996 de
414 1939 484 1996 coelo
497 1938 632 2016 prospicit
645 1958 711 1995 arva
725 1939 819 2007 Ceres,

186 2013 304 2092 Quaque
317 2024 414 2092 patent
428 2023 515 2083 ortus,
530 2025 558 2073 et
572 2035 627 2092 qua
640 2017 815 2074 fluitantibus
829 2016 911 2074 undis

226 2091 299 2152 Solis
312 2094 474 2152 anhelantes
487 2095 575 2151 abluit
589 2095 678 2151 amnis
691 2113 787 2171 equos.

186 2169 271 2250 Troja
283 2173 396 2250 quidem
407 2181 475 2230 tunc
489 2193 518 2229 se
532 2173 687 2240 mirabitur,
703 2183 731 2231 et
745 2172 799 2230 sibi
812 2172 885 2230 dicet

232 2252 290 2309 Vos
304 2252 374 2310 bene
388 2261 445 2308 tam
458 2252 542 2327 longa
555 2250 723 2309 consuluisse
737 2252 790 2309 via.

186 2332 259 2391 Vera
273 2349 360 2399 cano;
382 2330 422 2388 sic
435 2349 522 2407 usque
536 2349 627 2388 sacras
639 2329 753 2386 innoxia
765 2329 860 2386 laurus

224 2413 339 2478 Vescar,
355 2417 383 2467 et
397 2418 533 2468 aetemum
548 2409 585 2465 sit
598 2407 668 2464 mihi
680 2407 832 2482 virginitas.

186 2491 260 2548 Haec
272 2489 373 2558 cecinit
385 2496 472 2555 vates,
487 2496 515 2543 et
529 2495 556 2544 te
569 2485 631 2552 sibi,
647 2485 763 2551 Phoebe,
778 2487 894 2555 vocavit,

224 2568 346 2627 Jactavit
360 2566 437 2623 fusas
451 2572 480 2622 et
492 2573 576 2641 eaput
589 2574 653 2621 ante
667 2582 770 2622 comas.

185 2645 330 2723 Quidquid
343 2643 501 2711 Amalthea,
517 2641 653 2720 quidquid
666 2641 825 2719 Marpessia
837 2642 908 2701 dixit

224 2723 390 2800 Herophile,
406 2721 514 2779 Phoebo
527 2729 661 2799 grataque
674 2720 750 2798 quod
763 2720 881 2789 monuit,

184 2803 318 2880 Quasque
331 2801 446 2860 Albuna
459 2819 550 2857 sacras
563 2800 673 2858 Tiberis
686 2819 736 2876 per
749 2799 866 2857 flumina
879 2807 969 2858 sortes

224 2879 355 2946 Portarit,
371 2880 444 2937 sicco
457 2878 658 2955 pertuleritque
672 2877 753 2935 sinu:

184 2959 241 3017 Hae
255 2960 315 3017 sore
330 2958 468 3026 dixerunt,
485 2956 550 3014 belli
563 2957 636 3014 mala
649 2956 736 3032 signa,
753 2964 889 3026 cometen,

224 3038 335 3096 Multus
349 3036 423 3093 utin
436 3044 524 3093 terras
538 3035 736 3112 deplueretque
750 3033 837 3110 lapis:

184 3117 280 3193 Atque
293 3114 375 3172 tubas
388 3125 470 3191 atque
485 3133 563 3172 arma
575 3114 670 3171 ferunt
683 3112 848 3190 crepitantia
861 3110 931 3170 coelo

221 3193 337 3261 Audita,
353 3199 381 3250 et
395 3193 471 3250 lucos
485 3192 666 3269 praecinuisse
680 3191 787 3268 fugam.
876 3227 878 3234 =
898 3225 900 3230 ι

184 3277 283 3353 Ipsum
297 3271 381 3330 etiam
396 3271 488 3328 Solem
503 3270 642 3329 defectum
656 3270 762 3327 lumine
774 3268 845 3327 vidit

223 3353 348 3428 Jungere
362 3349 498 3427 pallentes
510 3348 624 3406 nubilus
639 3367 729 3406 annus
742 3367 838 3426 equos.

183 3433 220 3490 Et
234 3429 382 3488 simulacra
395 3427 479 3486 dedm
493 3427 621 3484 lacrimas
634 3426 740 3484 fudisse
753 3432 891 3504 tepentes,

222 3510 346 3585 Fataque
359 3505 468 3566 vocales
481 3505 682 3580 praemonuisse
695 3505 789 3562 boves.
